<?xml version="1.0" encoding="UTF-8"?>
<!DOCTYPE html PUBLIC "-//W3C//DTD XHTML 1.0 Transitional//EN"
    "http://www.w3.org/TR/xhtml1/DTD/xhtml1-transitional.dtd">
<html xmlns="http://www.w3.org/1999/xhtml" xml:lang="en" lang="en">
 <head>
  <title>
</title>
<meta http-equiv="Content-Type" content="text/html;charset=utf-8" />
  <meta name='ocr-system' content='tesseract 3.04.00' />
  <meta name='ocr-capabilities' content='ocr_page ocr_carea ocr_par ocr_line ocrx_word'/>
</head>
<body>
  <div class='ocr_page' id='page_1' title='image "./florasibiricasi01gmelgoog_0121.png"; bbox 0 0 4414 5652; ppageno 0'>
   <div class='ocr_carea' id='block_1_1' title="bbox 1003 424 2972 539">
    <p class='ocr_par' dir='ltr' id='par_1_1' title="bbox 1003 424 2972 539">
     <span class='ocr_line' id='line_1_1' title="bbox 1003 424 2972 539; baseline 0.002 -26"><span class='ocrx_word' id='word_1_1' title='bbox 1003 424 2244 518; x_wconf 84' lang='lat' dir='ltr'><strong>INCOMP-LETAE.</strong></span> <span class='ocrx_word' id='word_1_2' title='bbox 2793 457 2972 539; x_wconf 71' lang='lat'>¹¹⁶7</span> 
     </span>
    </p>
   </div>
   <div class='ocr_carea' id='block_1_2' title="bbox 202 652 3000 3463">
    <p class='ocr_par' dir='ltr' id='par_1_2' title="bbox 264 652 2996 2060">
     <span class='ocr_line' id='line_1_2' title="bbox 319 652 2988 770; baseline -0 -23"><span class='ocrx_word' id='word_1_3' title='bbox 319 652 825 749; x_wconf 69' lang='lat' dir='ltr'>BAVmNI</span> <span class='ocrx_word' id='word_1_4' title='bbox 868 717 896 762; x_wconf 90' lang='lat'>‚</span> <span class='ocrx_word' id='word_1_5' title='bbox 966 679 1198 768; x_wconf 85' lang='lat' dir='ltr'>-quae</span> <span class='ocrx_word' id='word_1_6' title='bbox 1298 652 1923 766; x_wconf 83' lang='lat' dir='ltr'>camphorosma</span> <span class='ocrx_word' id='word_1_7' title='bbox 2031 656 2753 770; x_wconf 65' lang='lat' dir='ltr'>monspelsseufium</span> <span class='ocrx_word' id='word_1_8' title='bbox 2887 659 2988 745; x_wconf 92' lang='lat' dir='ltr'>L.</span> 
     </span>
     <span class='ocr_line' id='line_1_3' title="bbox 317 786 2991 896; baseline -0.003 -18"><span class='ocrx_word' id='word_1_9' title='bbox 317 795 446 880; x_wconf 79' lang='lat' dir='ltr'>est,</span> <span class='ocrx_word' id='word_1_10' title='bbox 574 790 668 875; x_wconf 86' lang='lat' dir='ltr'>Id</span> <span class='ocrx_word' id='word_1_11' title='bbox 739 786 959 872; x_wconf 90' lang='lat' dir='ltr'>mihi</span> <span class='ocrx_word' id='word_1_12' title='bbox 1028 810 1138 870; x_wconf 81' lang='lat' dir='ltr'>ex</span> <span class='ocrx_word' id='word_1_13' title='bbox 1215 786 1521 871; x_wconf 83' lang='lat' dir='ltr'>collatis</span> <span class='ocrx_word' id='word_1_14' title='bbox 1602 786 1963 873; x_wconf 88' lang='lat' dir='ltr'>inuicem</span> <span class='ocrx_word' id='word_1_15' title='bbox 2067 787 2642 896; x_wconf 77' lang='lat' dir='ltr'>speciminibus</span> <span class='ocrx_word' id='word_1_16' title='bbox 2748 787 2991 872; x_wconf 89' lang='lat' dir='ltr'>lucu-</span> 
     </span>
     <span class='ocr_line' id='line_1_4' title="bbox 264 912 2984 1025; baseline -0.002 -21"><span class='ocrx_word' id='word_1_17' title='bbox 264 915 573 1012; x_wconf 86' lang='lat' dir='ltr'>-Ienter</span> <span class='ocrx_word' id='word_1_18' title='bbox 638 914 1037 1025; x_wconf 79' lang='lat' dir='ltr'><strong>adparuit.</strong></span> <span class='ocrx_word' id='word_1_19' title='bbox 1174 915 1634 1000; x_wconf 71' lang='lat' dir='ltr'>posterioris</span> <span class='ocrx_word' id='word_1_20' title='bbox 1712 912 1904 1008; x_wconf 89' lang='lat' dir='ltr'>folia</span> <span class='ocrx_word' id='word_1_21' title='bbox 2007 917 2287 1004; x_wconf 89' lang='lat' dir='ltr'>multo</span> <span class='ocrx_word' id='word_1_22' title='bbox 2348 919 2536 1004; x_wconf 88' lang='lat' dir='ltr'>sunt</span> <span class='ocrx_word' id='word_1_23' title='bbox 2611 923 2984 1007; x_wconf 85' lang='lat' dir='ltr'>tenuiora</span> 
     </span>
     <span class='ocr_line' id='line_1_5' title="bbox 310 1042 2986 1156; baseline -0.002 -23"><span class='ocrx_word' id='word_1_24' title='bbox 310 1047 751 1155; x_wconf 79' lang='lat' dir='ltr'>multoque</span> <span class='ocrx_word' id='word_1_25' title='bbox 814 1045 1176 1132; x_wconf 83' lang='lat' dir='ltr'>breuiora</span> <span class='ocrx_word' id='word_1_26' title='bbox 1238 1063 1325 1130; x_wconf 90' lang='lat' dir='ltr'>et</span> <span class='ocrx_word' id='word_1_27' title='bbox 1393 1042 1698 1156; x_wconf 84' lang='lat' dir='ltr'>spiffius</span> <span class='ocrx_word' id='word_1_28' title='bbox 1759 1046 2129 1152; x_wconf 87' lang='lat' dir='ltr'>congesta</span> <span class='ocrx_word' id='word_1_29' title='bbox 2170 1108 2210 1152; x_wconf 71' lang='grc'><strong>,</strong></span> <span class='ocrx_word' id='word_1_30' title='bbox 2295 1048 2599 1132; x_wconf 82' lang='lat' dir='ltr'>nostrae</span> <span class='ocrx_word' id='word_1_31' title='bbox 2700 1045 2986 1132; x_wconf 82' lang='lat' dir='ltr'>mollia</span> 
     </span>
     <span class='ocr_line' id='line_1_6' title="bbox 307 1166 2991 1287; baseline -0.003 -23"><span class='ocrx_word' id='word_1_32' title='bbox 307 1181 496 1264; x_wconf 89' lang='lat' dir='ltr'>sunt</span> <span class='ocrx_word' id='word_1_33' title='bbox 559 1189 642 1262; x_wconf 90' lang='lat' dir='ltr'>et</span> <span class='ocrx_word' id='word_1_34' title='bbox 718 1170 980 1281; x_wconf 83' lang='lat' dir='ltr'>longa.</span> <span class='ocrx_word' id='word_1_35' title='bbox 1127 1166 1282 1255; x_wconf 91' lang='lat' dir='ltr'>Sed</span> <span class='ocrx_word' id='word_1_36' title='bbox 1381 1174 1925 1264; x_wconf 83' lang='lat' dir='ltr'>differentiam</span> <span class='ocrx_word' id='word_1_37' title='bbox 2026 1172 2484 1285; x_wconf 79' lang='lat' dir='ltr'>specificam</span> <span class='ocrx_word' id='word_1_38' title='bbox 2588 1176 2991 1287; x_wconf 85' lang='lat' dir='ltr'>sequentia</span> 
     </span>
     <span class='ocr_line' id='line_1_7' title="bbox 301 1297 2996 1418; baseline -0.003 -24"><span class='ocrx_word' id='word_1_39' title='bbox 301 1306 662 1418; x_wconf 81' lang='lat' dir='ltr'>probant.</span> <span class='ocrx_word' id='word_1_40' title='bbox 833 1297 1242 1389; x_wconf 84' lang='lat' dir='ltr'>Cauliculi</span> <span class='ocrx_word' id='word_1_41' title='bbox 1307 1300 1670 1390; x_wconf 86' lang='lat' dir='ltr'>fruticofi</span> <span class='ocrx_word' id='word_1_42' title='bbox 1723 1365 1750 1408; x_wconf 92' lang='lat'><strong>,</strong></span> <span class='ocrx_word' id='word_1_43' title='bbox 1821 1303 2014 1389; x_wconf 67' lang='lat' dir='ltr'>osto</span> <span class='ocrx_word' id='word_1_44' title='bbox 2074 1303 2214 1404; x_wconf 76' lang='lat' dir='ltr'>vel</span> <span class='ocrx_word' id='word_1_45' title='bbox 2281 1300 2557 1414; x_wconf 85' lang='lat' dir='ltr'>plures</span> <span class='ocrx_word' id='word_1_46' title='bbox 2600 1368 2627 1411; x_wconf 92' lang='lat'><strong>,</strong></span> <span class='ocrx_word' id='word_1_47' title='bbox 2695 1310 2784 1394; x_wconf 90' lang='lat' dir='ltr'>in</span> <span class='ocrx_word' id='word_1_48' title='bbox 2846 1329 2996 1388; x_wconf 74' lang='lat' dir='ltr'>or-</span> 
     </span>
     <span class='ocr_line' id='line_1_8' title="bbox 300 1426 2995 1540; baseline -0.002 -18"><span class='ocrx_word' id='word_1_49' title='bbox 300 1436 485 1522; x_wconf 87' lang='lat' dir='ltr'>bem</span> <span class='ocrx_word' id='word_1_50' title='bbox 547 1426 777 1540; x_wconf 74' lang='lat' dir='ltr'>sparsi</span> <span class='ocrx_word' id='word_1_51' title='bbox 832 1494 859 1537; x_wconf 92' lang='lat'><strong>,</strong></span> <span class='ocrx_word' id='word_1_52' title='bbox 908 1429 1296 1520; x_wconf 78' lang='lat' dir='ltr'>cubitales</span> <span class='ocrx_word' id='word_1_53' title='bbox 1333 1492 1360 1535; x_wconf 92' lang='lat'><strong>,</strong></span> <span class='ocrx_word' id='word_1_54' title='bbox 1438 1435 1716 1521; x_wconf 87' lang='lat' dir='ltr'>breues</span> <span class='ocrx_word' id='word_1_55' title='bbox 1763 1493 1791 1538; x_wconf 90' lang='lat'>‚</span> <span class='ocrx_word' id='word_1_56' title='bbox 1871 1452 2161 1519; x_wconf 84' lang='lat' dir='ltr'>teretes</span> <span class='ocrx_word' id='word_1_57' title='bbox 2202 1469 2258 1539; x_wconf 40' lang='lat'>‚¹</span> <span class='ocrx_word' id='word_1_58' title='bbox 2314 1432 2625 1520; x_wconf 84' lang='lat' dir='ltr'>flexiles</span> <span class='ocrx_word' id='word_1_59' title='bbox 2664 1494 2690 1537; x_wconf 88' lang='lat'>‚</span> <span class='ocrx_word' id='word_1_60' title='bbox 2786 1431 2995 1519; x_wconf 88' lang='lat' dir='ltr'>lutei</span> 
     </span>
     <span class='ocr_line' id='line_1_9' title="bbox 301 1558 2996 1680; baseline -0.003 -26"><span class='ocrx_word' id='word_1_61' title='bbox 301 1561 435 1680; x_wconf 66' lang='lat' dir='ltr'>vel</span> <span class='ocrx_word' id='word_1_62' title='bbox 508 1558 821 1646; x_wconf 88' lang='lat' dir='ltr'>sordide</span> <span class='ocrx_word' id='word_1_63' title='bbox 880 1564 1345 1672; x_wconf 86' lang='lat' dir='ltr'>purpurei,</span> <span class='ocrx_word' id='word_1_64' title='bbox 1410 1562 1615 1662; x_wconf 83' lang='lat' dir='ltr'>infra</span> <span class='ocrx_word' id='word_1_65' title='bbox 1699 1562 2320 1671; x_wconf 81' lang='lat' dir='ltr'>procumbentes</span> <span class='ocrx_word' id='word_1_66' title='bbox 2366 1624 2391 1668; x_wconf 93' lang='lat'>,</span> <span class='ocrx_word' id='word_1_67' title='bbox 2469 1559 2923 1672; x_wconf 85' lang='lat' dir='ltr'>lanuginofi</span> <span class='ocrx_word' id='word_1_68' title='bbox 2967 1619 2996 1666; x_wconf 84' lang='lat'>‚</span> 
     </span>
     <span class='ocr_line' id='line_1_10' title="bbox 294 1688 2994 1804; baseline -0.001 -27"><span class='ocrx_word' id='word_1_69' title='bbox 294 1693 534 1802; x_wconf 75' lang='lat' dir='ltr'>supra</span> <span class='ocrx_word' id='word_1_70' title='bbox 598 1688 687 1776; x_wconf 86' lang='lat' dir='ltr'>in</span> <span class='ocrx_word' id='word_1_71' title='bbox 751 1690 953 1776; x_wconf 81' lang='lat' dir='ltr'>duos</span> <span class='ocrx_word' id='word_1_72' title='bbox 989 1757 1015 1800; x_wconf 91' lang='lat'>‚</span> <span class='ocrx_word' id='word_1_73' title='bbox 1086 1714 1251 1779; x_wconf 86' lang='lat' dir='ltr'>tres</span> <span class='ocrx_word' id='word_1_74' title='bbox 1314 1692 1456 1780; x_wconf 81' lang='lat' dir='ltr'>vel</span> <span class='ocrx_word' id='word_1_75' title='bbox 1519 1690 1799 1804; x_wconf 86' lang='lat' dir='ltr'>plures</span> <span class='ocrx_word' id='word_1_76' title='bbox 1862 1715 2133 1781; x_wconf 82' lang='lat' dir='ltr'>ramos</span> <span class='ocrx_word' id='word_1_77' title='bbox 2194 1688 2427 1777; x_wconf 75' lang='lat' dir='ltr'>diuisi</span> <span class='ocrx_word' id='word_1_78' title='bbox 2466 1751 2493 1798; x_wconf 86' lang='lat'>,</span> <span class='ocrx_word' id='word_1_79' title='bbox 2556 1718 2746 1778; x_wconf 83' lang='lat' dir='ltr'>raro</span> <span class='ocrx_word' id='word_1_80' title='bbox 2789 1690 2994 1775; x_wconf 86' lang='lat' dir='ltr'>fim-</span> 
     </span>
     <span class='ocr_line' id='line_1_11' title="bbox 295 1819 2995 1934; baseline 0 -30"><span class='ocrx_word' id='word_1_81' title='bbox 295 1821 554 1931; x_wconf 81' lang='lat' dir='ltr'>inces</span> <span class='ocrx_word' id='word_1_82' title='bbox 593 1879 619 1924; x_wconf 86' lang='lat'>,</span> <span class='ocrx_word' id='word_1_83' title='bbox 680 1822 954 1912; x_wconf 79' lang='lat' dir='ltr'>vestiti</span> <span class='ocrx_word' id='word_1_84' title='bbox 1017 1820 1233 1911; x_wconf 86' lang='lat' dir='ltr'>foliis</span> <span class='ocrx_word' id='word_1_85' title='bbox 1292 1819 1637 1934; x_wconf 74' lang='lat' dir='ltr'>copiosis</span> <span class='ocrx_word' id='word_1_86' title='bbox 1702 1825 1800 1910; x_wconf 89' lang='lat' dir='ltr'>ab</span> <span class='ocrx_word' id='word_1_87' title='bbox 1828 1826 2008 1914; x_wconf 87' lang='lat' dir='ltr'>imo</span> <span class='ocrx_word' id='word_1_88' title='bbox 2063 1824 2162 1910; x_wconf 87' lang='lat' dir='ltr'>ad</span> <span class='ocrx_word' id='word_1_89' title='bbox 2228 1822 2653 1908; x_wconf 85' lang='lat' dir='ltr'>summum</span> <span class='ocrx_word' id='word_1_90' title='bbox 2697 1885 2721 1927; x_wconf 90' lang='lat'>‚</span> <span class='ocrx_word' id='word_1_91' title='bbox 2775 1824 2995 1906; x_wconf 70' lang='lat' dir='ltr'>,infra</span> 
     </span>
     <span class='ocr_line' id='line_1_12' title="bbox 292 1948 2993 2060; baseline -0 -28"><span class='ocrx_word' id='word_1_92' title='bbox 292 1951 386 2042; x_wconf 85' lang='lat' dir='ltr'>in</span> <span class='ocrx_word' id='word_1_93' title='bbox 452 1948 872 2036; x_wconf 75' lang='lat' dir='ltr'>fasciculos</span> <span class='ocrx_word' id='word_1_94' title='bbox 922 1950 1367 2060; x_wconf 71' lang='grc' dir='ltr'>εοῙΙεᾶἰε,</span> <span class='ocrx_word' id='word_1_95' title='bbox 1436 1972 1534 2039; x_wconf 81' lang='lat' dir='ltr'>vt</span> <span class='ocrx_word' id='word_1_96' title='bbox 1618 1954 1706 2036; x_wconf 88' lang='lat' dir='ltr'>in</span> <span class='ocrx_word' id='word_1_97' title='bbox 1803 1954 2161 2059; x_wconf 85' lang='lat' dir='ltr'>Larice,</span> <span class='ocrx_word' id='word_1_98' title='bbox 2259 1953 2494 2060; x_wconf 86' lang='lat' dir='ltr'>supra</span> <span class='ocrx_word' id='word_1_99' title='bbox 2592 1950 2993 2051; x_wconf 74' lang='lat' dir='ltr'>alternis,</span> 
     </span>
    </p>

    <p class='ocr_par' dir='ltr' id='par_1_3' title="bbox 202 2072 2999 2573">
     <span class='ocr_line' id='line_1_13' title="bbox 294 2072 2996 2192; baseline 0 -33"><span class='ocrx_word' id='word_1_100' title='bbox 294 2072 851 2183; x_wconf 81' lang='lat' dir='ltr'>latiusculis,</span> <span class='ocrx_word' id='word_1_101' title='bbox 902 2081 1234 2191; x_wconf 80' lang='lat' dir='ltr'>planis,</span> <span class='ocrx_word' id='word_1_102' title='bbox 1328 2082 1835 2192; x_wconf 83' lang='lat' dir='ltr'>linearibus,</span> <span class='ocrx_word' id='word_1_103' title='bbox 1939 2079 2343 2190; x_wconf 81' lang='lat' dir='ltr'>hirsutis,</span> <span class='ocrx_word' id='word_1_104' title='bbox 2444 2077 2996 2170; x_wconf 82' lang='lat' dir='ltr'>semiunciali·</span> 
     </span>
     <span class='ocr_line' id='line_1_14' title="bbox 202 2203 2993 2322; baseline -0 -32"><span class='ocrx_word' id='word_1_105' title='bbox 202 2229 208 2244; x_wconf 87' lang='lat'><strong>·</strong></span> <span class='ocrx_word' id='word_1_106' title='bbox 295 2203 479 2291; x_wconf 75' lang='lat' dir='ltr'>bus.</span> <span class='ocrx_word' id='word_1_107' title='bbox 610 2204 943 2291; x_wconf 89' lang='lat' dir='ltr'>Eorum</span> <span class='ocrx_word' id='word_1_108' title='bbox 1006 2208 1180 2294; x_wconf 85' lang='lat' dir='ltr'>alae</span> <span class='ocrx_word' id='word_1_109' title='bbox 1245 2206 1622 2314; x_wconf 82' lang='lat' dir='ltr'>globulos</span> <span class='ocrx_word' id='word_1_110' title='bbox 1687 2212 2082 2300; x_wconf 85' lang='lat' dir='ltr'>floriferos</span> <span class='ocrx_word' id='word_1_111' title='bbox 2148 2229 2449 2319; x_wconf 87' lang='lat' dir='ltr'>gerunt</span> <span class='ocrx_word' id='word_1_112' title='bbox 2487 2272 2512 2316; x_wconf 92' lang='lat'>,</span> <span class='ocrx_word' id='word_1_113' title='bbox 2604 2229 2993 2322; x_wconf 83' lang='lat' dir='ltr'>perquam</span> 
     </span>
     <span class='ocr_line' id='line_1_15' title="bbox 291 2332 2999 2437; baseline -0 -19"><span class='ocrx_word' id='word_1_114' title='bbox 291 2332 452 2420; x_wconf 85' lang='lat' dir='ltr'>fibi</span> <span class='ocrx_word' id='word_1_115' title='bbox 521 2333 915 2437; x_wconf 66' lang='lat' dir='ltr'>vicium,</span> <span class='ocrx_word' id='word_1_116' title='bbox 974 2334 1341 2422; x_wconf 79' lang='lat' dir='ltr'>hirsutos,</span> <span class='ocrx_word' id='word_1_117' title='bbox 1513 2335 1798 2422; x_wconf 78' lang='lat' dir='ltr'>Flores</span> <span class='ocrx_word' id='word_1_118' title='bbox 1862 2362 2068 2421; x_wconf 82' lang='lat' dir='ltr'>mox</span> <span class='ocrx_word' id='word_1_119' title='bbox 2130 2337 2841 2435; x_wconf 84' lang='lat' dir='ltr'>commemorati,</span> <span class='ocrx_word' id='word_1_120' title='bbox 2907 2333 2999 2417; x_wconf 85' lang='lat' dir='ltr'>in</span> 
     </span>
     <span class='ocr_line' id='line_1_16' title="bbox 288 2458 2995 2604; baseline -0.002 -57"><span class='ocrx_word' id='word_1_121' title='bbox 288 2462 774 2568; x_wconf 74' lang='lat' dir='ltr'>varietate,</span> <span class='ocrx_word' id='word_1_122' title='bbox 840 2487 1091 2573; x_wconf 88' lang='lat' dir='ltr'>quam</span> <span class='ocrx_word' id='word_1_123' title='bbox 1164 2462 1457 2604; x_wconf 47' lang='lat' dir='ltr'>figura·</span> <span class='ocrx_word' id='word_1_124' title='bbox 1498 2466 1777 2571; x_wconf 75' lang='lat' dir='ltr'>prIma</span> <span class='ocrx_word' id='word_1_125' title='bbox 1840 2466 2243 2571; x_wconf 84' lang='lat' dir='ltr'>exprimit</span> <span class='ocrx_word' id='word_1_126' title='bbox 2310 2466 2523 2549; x_wconf 86' lang='lat' dir='ltr'>inter</span> <span class='ocrx_word' id='word_1_127' title='bbox 2590 2460 2773 2551; x_wconf 81' lang='lat' dir='ltr'>folia</span> <span class='ocrx_word' id='word_1_128' title='bbox 2812 2458 2995 2548; x_wconf 76' lang='lat' dir='ltr'>mi.-</span> 
     </span>
    </p>

    <p class='ocr_par' dir='ltr' id='par_1_4' title="bbox 279 2583 3000 3463">
     <span class='ocr_line' id='line_1_17' title="bbox 290 2583 2991 2720; baseline 0 -46"><span class='ocrx_word' id='word_1_129' title='bbox 290 2614 509 2676; x_wconf 89' lang='lat' dir='ltr'>nora</span> <span class='ocrx_word' id='word_1_130' title='bbox 564 2583 853 2720; x_wconf 86' lang='lat' dir='ltr'>seffiles</span> <span class='ocrx_word' id='word_1_131' title='bbox 916 2593 1166 2697; x_wconf 86' lang='lat' dir='ltr'>sunt,</span> <span class='ocrx_word' id='word_1_132' title='bbox 1261 2608 1348 2674; x_wconf 92' lang='lat' dir='ltr'>et</span> <span class='ocrx_word' id='word_1_133' title='bbox 1433 2587 1519 2672; x_wconf 90' lang='lat' dir='ltr'>in</span> <span class='ocrx_word' id='word_1_134' title='bbox 1630 2588 1769 2676; x_wconf 87' lang='lat' dir='ltr'>illa</span> <span class='ocrx_word' id='word_1_135' title='bbox 1810 2652 1834 2697; x_wconf 85' lang='lat'>,</span> <span class='ocrx_word' id='word_1_136' title='bbox 1933 2615 2184 2699; x_wconf 89' lang='lat' dir='ltr'>quam</span> <span class='ocrx_word' id='word_1_137' title='bbox 2288 2592 2557 2700; x_wconf 88' lang='lat' dir='ltr'>figura</span> <span class='ocrx_word' id='word_1_138' title='bbox 2661 2589 2991 2678; x_wconf 84' lang='lat' dir='ltr'>secunda</span> 
     </span>
     <span class='ocr_line' id='line_1_18' title="bbox 289 2688 2992 2830; baseline -0 -28"><span class='ocrx_word' id='word_1_139' title='bbox 289 2688 619 2821; x_wconf 81' lang='lat' dir='ltr'>habet,</span> <span class='ocrx_word' id='word_1_140' title='bbox 682 2715 911 2802; x_wconf 78' lang='lat' dir='ltr'>villis</span> <span class='ocrx_word' id='word_1_141' title='bbox 968 2713 1491 2824; x_wconf 88' lang='lat' dir='ltr'>longiusculis</span> <span class='ocrx_word' id='word_1_142' title='bbox 1557 2717 1754 2806; x_wconf 87' lang='lat' dir='ltr'>albis</span> <span class='ocrx_word' id='word_1_143' title='bbox 1837 2720 2157 2830; x_wconf 86' lang='lat' dir='ltr'>insuper</span> <span class='ocrx_word' id='word_1_144' title='bbox 2241 2721 2766 2830; x_wconf 85' lang='lat' dir='ltr'>cinguntur,</span> <span class='ocrx_word' id='word_1_145' title='bbox 2862 2737 2992 2801; x_wconf 90' lang='lat' dir='ltr'>at</span> 
     </span>
     <span class='ocr_line' id='line_1_19' title="bbox 287 2845 2995 2962; baseline -0.001 -30"><span class='ocrx_word' id='word_1_146' title='bbox 287 2875 463 2960; x_wconf 89' lang='lat' dir='ltr'>que</span> <span class='ocrx_word' id='word_1_147' title='bbox 530 2848 620 2933; x_wconf 90' lang='lat' dir='ltr'>in</span> <span class='ocrx_word' id='word_1_148' title='bbox 680 2850 784 2932; x_wconf 84' lang='lat' dir='ltr'>iis</span> <span class='ocrx_word' id='word_1_149' title='bbox 849 2849 1008 2939; x_wconf 71' lang='lat' dir='ltr'>fere</span> <span class='ocrx_word' id='word_1_150' title='bbox 1089 2846 1585 2934; x_wconf 90' lang='lat' dir='ltr'>delitescunt.</span> <span class='ocrx_word' id='word_1_151' title='bbox 1749 2845 2217 2958; x_wconf 89' lang='lat' dir='ltr'>Specimina</span> <span class='ocrx_word' id='word_1_152' title='bbox 2323 2850 2569 2936; x_wconf 86' lang='lat' dir='ltr'>huius</span> <span class='ocrx_word' id='word_1_153' title='bbox 2671 2854 2995 2962; x_wconf 87' lang='lat' dir='ltr'>plantae</span> 
     </span>
     <span class='ocr_line' id='line_1_20' title="bbox 288 2974 2997 3089; baseline -0.001 -27"><span class='ocrx_word' id='word_1_154' title='bbox 288 3000 470 3062; x_wconf 89' lang='lat' dir='ltr'>non</span> <span class='ocrx_word' id='word_1_155' title='bbox 538 2978 850 3061; x_wconf 82' lang='lat' dir='ltr'>ramosa</span> <span class='ocrx_word' id='word_1_156' title='bbox 914 2978 1346 3064; x_wconf 84' lang='lat' dir='ltr'>dimidiam</span> <span class='ocrx_word' id='word_1_157' title='bbox 1413 2977 1577 3062; x_wconf 84' lang='lat' dir='ltr'>fere</span> <span class='ocrx_word' id='word_1_158' title='bbox 1642 2974 1889 3063; x_wconf 86' lang='lat' dir='ltr'>caulis</span> <span class='ocrx_word' id='word_1_159' title='bbox 1952 2998 2271 3089; x_wconf 86' lang='lat' dir='ltr'>partem</span> <span class='ocrx_word' id='word_1_160' title='bbox 2341 2977 2692 3088; x_wconf 83' lang='lat' dir='ltr'>globulis</span> <span class='ocrx_word' id='word_1_161' title='bbox 2767 2979 2997 3062; x_wconf 85' lang='lat' dir='ltr'>eius-</span> 
     </span>
     <span class='ocr_line' id='line_1_21' title="bbox 288 3101 2994 3212; baseline -0 -24"><span class='ocrx_word' id='word_1_162' title='bbox 288 3104 543 3190; x_wconf 90' lang='lat' dir='ltr'>modi</span> <span class='ocrx_word' id='word_1_163' title='bbox 606 3102 981 3190; x_wconf 84' lang='lat' dir='ltr'>sessilibus</span> <span class='ocrx_word' id='word_1_164' title='bbox 1045 3108 1181 3191; x_wconf 79' lang='lat' dir='ltr'>vel</span> <span class='ocrx_word' id='word_1_165' title='bbox 1246 3101 1577 3212; x_wconf 84' lang='lat' dir='ltr'>spiculis</span> <span class='ocrx_word' id='word_1_166' title='bbox 1655 3109 2311 3195; x_wconf 85' lang='lat' dir='ltr'>semiuncialibus</span> <span class='ocrx_word' id='word_1_167' title='bbox 2385 3110 2759 3194; x_wconf 84' lang='lat' dir='ltr'>obseffam</span> <span class='ocrx_word' id='word_1_168' title='bbox 2841 3103 2994 3187; x_wconf 79' lang='lat' dir='ltr'>ha-</span> 
     </span>
     <span class='ocr_line' id='line_1_22' title="bbox 285 3231 3000 3342; baseline -0.002 -25"><span class='ocrx_word' id='word_1_169' title='bbox 285 3231 495 3318; x_wconf 81' lang='lat' dir='ltr'>bent</span> <span class='ocrx_word' id='word_1_170' title='bbox 540 3291 571 3334; x_wconf 85' lang='lat'>,</span> <span class='ocrx_word' id='word_1_171' title='bbox 616 3233 929 3340; x_wconf 66' lang='lat' dir='ltr'>ouibus</span> <span class='ocrx_word' id='word_1_172' title='bbox 992 3258 1167 3319; x_wconf 76' lang='lat' dir='ltr'>non</span> <span class='ocrx_word' id='word_1_173' title='bbox 1221 3233 1502 3314; x_wconf 90' lang='lat' dir='ltr'>minus</span> <span class='ocrx_word' id='word_1_174' title='bbox 1565 3257 1659 3319; x_wconf 88' lang='lat' dir='ltr'>ac</span> <span class='ocrx_word' id='word_1_175' title='bbox 1724 3234 2076 3342; x_wconf 85' lang='lat' dir='ltr'>globulis</span> <span class='ocrx_word' id='word_1_176' title='bbox 2138 3236 2437 3318; x_wconf 87' lang='lat' dir='ltr'>folium</span> <span class='ocrx_word' id='word_1_177' title='bbox 2525 3231 3000 3340; x_wconf 83' lang='lat' dir='ltr'>longiuscu-</span> 
     </span>
     <span class='ocr_line' id='line_1_23' title="bbox 279 3352 2999 3463; baseline 0.001 -21"><span class='ocrx_word' id='word_1_178' title='bbox 279 3355 499 3444; x_wconf 88' lang='lat' dir='ltr'>lum</span> <span class='ocrx_word' id='word_1_179' title='bbox 567 3360 1092 3445; x_wconf 88' lang='lat' dir='ltr'>substernitur</span> <span class='ocrx_word' id='word_1_180' title='bbox 1133 3420 1160 3463; x_wconf 92' lang='lat'>‚</span> <span class='ocrx_word' id='word_1_181' title='bbox 1211 3359 1561 3441; x_wconf 57' lang='lat' dir='ltr'>audium</span> <span class='ocrx_word' id='word_1_182' title='bbox 1625 3359 1938 3445; x_wconf 82' lang='lat' dir='ltr'>foliolis</span> <span class='ocrx_word' id='word_1_183' title='bbox 2005 3362 2462 3446; x_wconf 84' lang='lat' dir='ltr'>minoribus</span> <span class='ocrx_word' id='word_1_184' title='bbox 2526 3358 2664 3443; x_wconf 76' lang='lat' dir='ltr'>vel</span> <span class='ocrx_word' id='word_1_185' title='bbox 2745 3352 2999 3444; x_wconf 73' lang='lat' dir='ltr'>villiS.</span> 
     </span>
    </p>
   </div>
   <div class='ocr_carea' id='block_1_3' title="bbox 613 3498 1783 3643">
    <p class='ocr_par' dir='ltr' id='par_1_5' title="bbox 613 3498 1783 3643">
     <span class='ocr_line' id='line_1_24' title="bbox 613 3498 1783 3643; baseline -0.007 -19"><span class='ocrx_word' id='word_1_186' title='bbox 613 3535 886 3625; x_wconf 83' lang='lat' dir='ltr'>Radix</span> <span class='ocrx_word' id='word_1_187' title='bbox 942 3531 1253 3643; x_wconf 85' lang='lat' dir='ltr'>lignosa</span> <span class='ocrx_word' id='word_1_188' title='bbox 1320 3498 1433 3619; x_wconf 77' lang='lat' dir='ltr'>est</span> <span class='ocrx_word' id='word_1_189' title='bbox 1469 3596 1496 3641; x_wconf 92' lang='lat'>,</span> <span class='ocrx_word' id='word_1_190' title='bbox 1564 3532 1783 3620; x_wconf 81' lang='lat' dir='ltr'>ficca.</span> 
     </span>
    </p>
   </div>
   <div class='ocr_carea' id='block_1_4' title="bbox 283 3701 2998 3949">
    <p class='ocr_par' dir='ltr' id='par_1_6' title="bbox 283 3701 2998 3949">
     <span class='ocr_line' id='line_1_25' title="bbox 608 3701 2998 3818; baseline 0.001 -26"><span class='ocrx_word' id='word_1_191' title='bbox 608 3701 1129 3817; x_wconf 86' lang='lat' dir='ltr'>Camphorae</span> <span class='ocrx_word' id='word_1_192' title='bbox 1189 3705 1534 3792; x_wconf 84' lang='lat' dir='ltr'>odorem</span> <span class='ocrx_word' id='word_1_193' title='bbox 1599 3705 1685 3789; x_wconf 88' lang='lat' dir='ltr'>in</span> <span class='ocrx_word' id='word_1_194' title='bbox 1722 3704 1978 3792; x_wconf 87' lang='lat' dir='ltr'>·ficcis</span> <span class='ocrx_word' id='word_1_195' title='bbox 2047 3704 2339 3816; x_wconf 82' lang='lat' dir='ltr'>plantis</span> <span class='ocrx_word' id='word_1_196' title='bbox 2398 3734 2564 3794; x_wconf 89' lang='lat' dir='ltr'>non</span> <span class='ocrx_word' id='word_1_197' title='bbox 2602 3707 2998 3818; x_wconf 89' lang='lat' dir='ltr'>percipi0‚</span> 
     </span>
     <span class='ocr_line' id='line_1_26' title="bbox 283 3833 2996 3949; baseline 0.002 -30"><span class='ocrx_word' id='word_1_198' title='bbox 283 3857 446 3926; x_wconf 76' lang='lat' dir='ltr'>nec</span> <span class='ocrx_word' id='word_1_199' title='bbox 518 3835 620 3920; x_wconf 88' lang='lat' dir='ltr'>de</span> <span class='ocrx_word' id='word_1_200' title='bbox 696 3837 999 3922; x_wconf 85' lang='lat' dir='ltr'>recenti</span> <span class='ocrx_word' id='word_1_201' title='bbox 1064 3833 1741 3927; x_wconf 88' lang='lat' dir='ltr'>STELLERVS</span> <span class='ocrx_word' id='word_1_202' title='bbox 1789 3835 2099 3948; x_wconf 87' lang='lat' dir='ltr'>aliquid</span> <span class='ocrx_word' id='word_1_203' title='bbox 2139 3840 2583 3922; x_wconf 86' lang='lat' dir='ltr'>memoriae</span> <span class='ocrx_word' id='word_1_204' title='bbox 2620 3838 2996 3949; x_wconf 68' lang='lat' dir='ltr'>prodidin</span> 
     </span>
    </p>
   </div>
   <div class='ocr_carea' id='block_1_5' title="bbox 281 3982 3008 4380">
    <p class='ocr_par' dir='ltr' id='par_1_7' title="bbox 281 3982 3008 4380">
     <span class='ocr_line' id='line_1_27' title="bbox 620 3982 3008 4112; baseline -0.001 -18"><span class='ocrx_word' id='word_1_205' title='bbox 620 4003 756 4094; x_wconf 83' lang='lat' dir='ltr'>De</span> <span class='ocrx_word' id='word_1_206' title='bbox 821 4006 1217 4093; x_wconf 61' lang='lat' dir='ltr'>struitura</span> <span class='ocrx_word' id='word_1_207' title='bbox 1284 4005 1510 4092; x_wconf 89' lang='lat' dir='ltr'>floris</span> <span class='ocrx_word' id='word_1_208' title='bbox 1575 4026 1658 4092; x_wconf 89' lang='lat' dir='ltr'>et</span> <span class='ocrx_word' id='word_1_209' title='bbox 1751 4007 2061 4092; x_wconf 69' lang='lat' dir='ltr'>stustus</span> <span class='ocrx_word' id='word_1_210' title='bbox 2157 3982 2371 4091; x_wconf 86' lang='lat' dir='ltr'>nihil</span> <span class='ocrx_word' id='word_1_211' title='bbox 2467 4004 2670 4094; x_wconf 88' lang='lat' dir='ltr'>certi</span> <span class='ocrx_word' id='word_1_212' title='bbox 2767 4006 2930 4091; x_wconf 82' lang='lat' dir='ltr'>{cio</span> <span class='ocrx_word' id='word_1_213' title='bbox 2967 4067 3008 4112; x_wconf 64' lang='grc'>,,</span> 
     </span>
     <span class='ocr_line' id='line_1_28' title="bbox 287 4134 2996 4247; baseline -0.004 -19"><span class='ocrx_word' id='word_1_214' title='bbox 287 4138 702 4229; x_wconf 85' lang='lat' dir='ltr'>subtilius</span> <span class='ocrx_word' id='word_1_215' title='bbox 759 4140 984 4224; x_wconf 88' lang='lat' dir='ltr'>enim</span> <span class='ocrx_word' id='word_1_216' title='bbox 1044 4162 1389 4225; x_wconf 81' lang='lat' dir='ltr'>examen</span> <span class='ocrx_word' id='word_1_217' title='bbox 1450 4139 1854 4223; x_wconf 81' lang='lat' dir='ltr'>instituere</span> <span class='ocrx_word' id='word_1_218' title='bbox 1924 4163 2088 4221; x_wconf 90' lang='lat' dir='ltr'>non</span> <span class='ocrx_word' id='word_1_219' title='bbox 2171 4140 2437 4247; x_wconf 91' lang='lat' dir='ltr'>potui.</span> <span class='ocrx_word' id='word_1_220' title='bbox 2585 4134 2996 4222; x_wconf 84' lang='lat' dir='ltr'>Animad-</span> 
     </span>
     <span class='ocr_line' id='line_1_29' title="bbox 281 4263 2997 4380; baseline -0.003 -22"><span class='ocrx_word' id='word_1_221' title='bbox 281 4288 561 4359; x_wconf 75' lang='lat' dir='ltr'>verto</span> <span class='ocrx_word' id='word_1_222' title='bbox 626 4291 915 4373; x_wconf 88' lang='lat' dir='ltr'>tamen</span> <span class='ocrx_word' id='word_1_223' title='bbox 949 4329 973 4373; x_wconf 91' lang='lat'><strong>,</strong></span> <span class='ocrx_word' id='word_1_224' title='bbox 1072 4267 1290 4380; x_wconf 91' lang='lat' dir='ltr'>quod</span> <span class='ocrx_word' id='word_1_225' title='bbox 1353 4268 1865 4356; x_wconf 80' lang='lat' dir='ltr'>conformem</span> <span class='ocrx_word' id='word_1_226' title='bbox 1933 4263 2134 4354; x_wconf 86' lang='lat' dir='ltr'>huic</span> <span class='ocrx_word' id='word_1_227' title='bbox 2241 4265 2515 4376; x_wconf 86' lang='lat' dir='ltr'>generi</span> <span class='ocrx_word' id='word_1_228' title='bbox 2616 4263 2997 4351; x_wconf 75' lang='lat' dir='ltr'>Fabricam</span> 
     </span>
    </p>
   </div>
   <div class='ocr_carea' id='block_1_6' title="bbox 285 4401 3104 4653">
    <p class='ocr_par' dir='ltr' id='par_1_8' title="bbox 285 4401 3104 4653">
     <span class='ocr_line' id='line_1_30' title="bbox 285 4401 754 4489; baseline -0.021 -1"><span class='ocrx_word' id='word_1_229' title='bbox 285 4401 754 4489; x_wconf 84' lang='lat' dir='ltr'>obtineant.</span> 
     </span>
     <span class='ocr_line' id='line_1_31' title="bbox 1647 4528 3104 4653; baseline -0.006 -22"><span class='ocrx_word' id='word_1_230' title='bbox 1647 4528 1712 4616; x_wconf 88' lang='lat' dir='ltr'>P</span> <span class='ocrx_word' id='word_1_231' title='bbox 1774 4548 1833 4631; x_wconf 79' lang='lat' dir='ltr'>a</span> <span class='ocrx_word' id='word_1_232' title='bbox 2843 4539 2996 4625; x_wconf 71' lang='lat'>23·</span> <span class='ocrx_word' id='word_1_233' title='bbox 3099 4650 3104 4653; x_wconf 28' lang='grc'><strong>,</strong></span> 
     </span>
    </p>
   </div>
  </div>
 </body>
</html>
