4414 5652
1021 339 2333 469 s⁴1L1QvoSAEf
2739 382 3034 468 ἰς’

894 573 987 659 H
986 569 1265 688 asperis
1341 576 1598 664 leucoii
1662 573 1851 690 sobo
1943 598 2084 661 non
2152 567 2466 685 serrato
2504 638 2531 687 ‚
2600 574 2974 702 fruticosa
3009 646 3037 696 ,

1018 701 1380 792 GMEL.
1452 704 1625 790 Ind.
1696 703 1856 788 Ien.
1936 728 2207 804 1030.

880 824 972 913 H
974 835 1250 943 asperis
1314 831 1612 916 Leucoii
1650 828 1840 942 fosta
1937 854 2074 914 non
2146 831 2462 941 serrato
2499 896 2524 941 ‚
2586 833 2966 947 ftmicostt
3007 898 3036 943 ,

1015 956 1218 1043 dura
1282 950 1644 1073 asphodeli
1705 956 2038 1066 radice,
2133 953 2497 1048 GMEL.
2583 961 2635 1046 1
2636 961 2760 1044 nd
2862 962 2912 1047 Ι
2913 987 3034 1053 en

872 1110 1401 1275 —Loa-L-
1464 1215 1721 1326 virgis
1750 1213 2290 1328 fimplicibus,
2352 1212 2537 1300 ibid.
2605 1238 2680 1298 n.
2756 1237 3028 1316 1032.

859 1340 1271 1450 Eryszmum
1303 1337 1529 1451 foliis
1587 1342 2024 1429 lanceolacis
2058 1343 2446 1455 serratis,
2481 1339 2755 1431 ROY.
2822 1341 3024 1455 lugd.

995 1491 1204 1571 343.
1276 1466 1611 1606 LlNN.
1657 1469 1773 1586 sp.
1822 1467 1938 1583 pl.
2016 1494 2098 1552 2.
2150 1485 2235 1584 p.
2303 1492 2522 1571 923.
2592 1492 2662 1555 n.
2743 1475 2828 1552 6.

648 1658 870 1747 Mira
927 1660 1038 1744 est
1104 1656 1256 1746 hac
1321 1661 1408 1742 in
1468 1656 1741 1773 planta
1806 1663 2152 1747 varietas
2193 1725 2220 1767 ,
2316 1675 2417 1745 vt
2500 1659 2645 1771 qui
2705 1653 3027 1747 exerciss

351 1801 563 1872 tatus
629 1815 791 1874 non
856 1786 958 1872 fit
1001 1849 1027 1894 ,
1090 1787 1362 1898 plures
1405 1789 1632 1875 „iusto
1689 1789 1916 1876 facile
1971 1793 2407 1876 constituat
2448 1789 2639 1872 inde
2703 1790 3017 1899 species.

348 1917 618 2003 Radix
683 1914 1162 2026 plerumque
1233 1920 1496 2001 tenuis
1530 1980 1555 2025 ,
1614 1918 1783 2002 alba
1847 1917 2200 2027 fimplex
2243 1979 2271 2025 ,
2330 1917 2583 2000 modo
2636 1934 2730 1998 et
2787 1915 3020 2023 ‘du-ra,

345 2040 754 2152 asphodeli
820 2043 1076 2131 instar.
1207 2046 1639 2132 Interdum
1698 2045 2225 2132 ramofiffima
2286 2044 2814 2148 obseruatus,
2883 2044 3019 2127 in·-

348 2174 670 2256 tetdum
736 2168 964 2253 caule
1028 2171 1626 2282 flmpliciffimo
1685 2175 2105 2261 adscendit.
2188 2171 2419 2260 Folia
2489 2168 2629 2255 vel
2665 2170 3017 2277 integra,

185 2369 192 2376 ,
344 2297 488 2382 ‘vel
549 2298 1099 2406 denticulata,
1162 2318 1245 2382 et
1326 2296 1521 2382 haec
1607 2299 1955 2407 quidem
2057 2295 2193 2385 vel
2290 2296 2777 2401 infigniter,
2877 2292 3017 2381 vd

340 2450 516 2510 vno
571 2423 917 2539 [tantum
983 2416 1102 2541 {et
1196 2426 1456 2512 altero
1544 2427 1782 2509 dente
1873 2444 2222 2529 notata,
2319 2421 2732 2509 interdum
2830 2421 3016 2531 gla-

339 2557 695 2640 berrima
769 2618 795 2662 ‚
885 2554 1325 2700 saepiffime
1415 2552 1675 2638 scabra
1746 2616 1771 2661 ,
1864 2554 2285 2639 mterdum
2379 2551 2712 2636 vnciam
2779 2546 2939 2635 lata
2980 2611 3012 2660 ,

334 2682 776 2794 saepissime
868 2685 1019 2768 vix
1120 2681 1446 2769 lineam.
1656 2678 2013 2791 Siliquae
2127 2702 2724 2790 nonnunquam
2823 2678 3013 2762 satis

335 2812 546 2893 arste
606 2809 824 2893 cauli
891 2807 1291 2917 adpreffae
1339 2873 1366 2917 ,
1430 2834 2010 2920 nonnunquam
2090 2810 2272 2893 satis
2350 2823 2717 2896 extantes
2751 2864 2777 2907 ,
2866 2823 3012 2893 aut

335 2938 741 3041 longiores
801 2953 948 3020 aut
1005 2935 1412 3019 breuiores
1451 2994 1477 3037 ‚
1541 2934 2204 3045 quadrangulae,
2242 2930 2607 3049 capitulo
2669 2932 3007 3039 fungost)

343 3061 840 3150 terminatae.
976 3061 1258 3146 Flotes
1318 3057 1635 3144 caulem
1698 3079 1783 3140 et
1844 3082 2113 3145 ramos
2180 3062 2749 3162 terminan'teS,
2803 3084 3007 3166 per·

335 3209 589 3304 petuo
650 3186 904 3289 lutei,
968 3186 1094 3269 sed
1153 3186 1528 3269 omnibus
1586 3184 1675 3267 in
1738 3186 2263 3270 varietatibus
2327 3184 2723 3287 minoreS,
2752 3206 3005 3291 quam

330 3322 670 3432 quidem
730 3312 1133 3399 Austores
1200 3311 1516 3397 uolunt.
1633 3305 1917 3395 Malui
1979 3324 2063 3392 et
2136 3330 2296 3415 ego
2368 3329 2565 3392 cum
2658 3330 3001 3413 genero-

329 3447 639 3533 fiffimo
727 3444 826 3527 ab
921 3438 1405 3547 HALLER
1521 3430 2569 3525 TOVRNEFORTIVM
2681 3434 2903 3545 sequi
2971 3500 2999 3543 ,

324 3575 691 3685 hancque
758 3571 1114 3682 plantam
1192 3565 1329 3649 sub
1431 3563 1865 3674 Hesperide
1960 3565 2431 3664 recalere,
2517 3560 2657 3644 ob
2710 3559 3041 3668 calycis

327 3696 610 3789 foliola
671 3698 1044 3783 deorsum
1111 3693 1403 3802 gibba,
1465 3690 1906 3799 etsemina
1971 3714 2138 3777 non
2200 3685 2726 3794 emarginata.

475 3855 515 3913 1
541 3840 611 3917 8.
681 3824 774 3912 H
777 3822 924 3911 Es
930 3806 1194 3908 PER!
1203 3820 1275 3907 S
1338 3817 1562 3906 caule
1618 3814 1979 3928 ‘simplici
2042 3818 2360 3922 erefio,
2425 3813 2641 3901 foliis
2700 3832 2994 3903 ouato-

712 3937 1183 4039 lanceolatis
1229 3945 1819 4050 denticulata,
1881 3946 2168 4058 petalis
2251 3958 2639 4029 muctone
2714 3969 2993 4032 emar

711 4083 1066 4188 ginatis,
1125 4079 1395 4168 ROY.
1449 4075 1746 4188 lugd.
1741 4087 1956 4174 338.
2022 4072 2359 4165 LINN.
2394 4062 2680 4191 sp-pl.
2767 4098 2848 4155 2.
2897 4088 2989 4186 p.

714 4230 928 4316 927.
992 4230 1070 4292 n.
1143 4235 1225 4300 2.
1287 4209 1487 4311 Tab.
1556 4201 1882 4290 Lv111.

1535 4333 1611 4421 K
1646 4327 1707 4416 k
1773 4355 1828 4413 2
2779 4319 2987 4410 Wola
