4414 5652
1046 383 2289 523 ιΝςοΜΡιΕἸ-ΑΕ,
2887 400 2998 496 ⁸3

472 622 630 701 66.
697 611 1279 706 SPINACIA
1381 616 1591 705 soliis
1684 610 2308 726 triangularibus
2357 678 2386 725 ‚
2500 636 2604 705 ex
2696 611 3022 710 finnato

719 750 1097 835 dentatis.
1231 748 1315 830 T
1317 748 1429 833 ab.
1496 744 1697 830 XV.
1765 741 1906 852 fig.
1982 773 2065 833 2.

852 874 1146 963 Planta
1209 872 1395 959 mihi
1451 875 1868 985 incognita,
1892 871 2287 964 STELL.
2356 874 2522 964 Ire.
2605 901 2644 961 ι
2672 891 2889 979 152.

637 1050 937 1141 Inueni
999 1048 1535 1138 clnlcxxnx.
1604 1053 1738 1140 die
1812 1077 1954 1138 1x.
2017 1048 2515 1164 Septembris
2582 1052 2682 1138 ad
2712 1051 3005 1143 Kalem

330 1204 667 1266 amnem
765 1184 853 1267 K
854 1182 1388 1291 rasnviareffis
1484 1181 1881 1269 territorii
2016 1184 2386 1269 interitui
2502 1185 3004 1299 proximam.

324 1307 995 1399 STELLERVS
1063 1313 1367 1422 pariter
1434 1310 1807 1424 plantam
1870 1314 2038 1398 iam
2107 1314 2427 1423 prorsus
2504 1312 3008 1402 emarcidum

322 1438 408 1522 in
470 1437 679 1523 locis
748 1438 964 1524 salsis
1039 1465 1533 1553 camporum
1610 1442 2326 1554 Konkurkinetfium
2425 1441 2630 1552 legit
2658 1506 2685 1551 ,
2778 1437 3008 1529 nulla

327 1565 499 1653 eius
560 1566 765 1655 fasta
822 1571 1385 1685 descriptione.

630 1744 842 1831 Eius
912 1763 1191 1832 tamen
1274 1754 1596 1837 iconem
1660 1769 1768 1835 ex
1852 1745 2121 1860 planta
2163 1807 2190 1853 ‚
2267 1746 2530 1863 qualis
2628 1764 3006 1856 tempooe

325 1870 898 1960 obseruationis
960 1899 1137 1961 erat
1178 1940 1207 1983 ,
1266 1878 1445 1966 fieri
1513 1880 1868 1984 curaui,
1930 1899 2015 1964 et
2079 1902 2274 1965 cum
2341 1880 2432 1964 iu
2513 1874 2764 1962 horto
2856 1872 3004 1959 bo-

322 2001 599 2087 tanico
659 2003 1268 2116 Petropolitano
1326 2037 1374 2094 e
1434 2008 1738 2095 semine
1797 2008 2304 2096 lucerescetet
2342 2072 2368 2117 ,
2426 2003 3009 2120 opportunitas

323 2128 553 2215 mihi
614 2152 797 2217 nata
857 2136 967 2221 est
999 2199 1025 2241 ‚
1086 2161 1270 2222 eam
1337 2139 1659 2251 penitus
1725 2139 2248 2252 cognoscendi
2311 2158 2403 2227 et
2465 2131 2857 2251 quicquid
2914 2132 3008 2216 in

308 2261 855 2372 descriptione
919 2260 1291 2346 deficeret
1332 2325 1356 2369 ‚
1417 2268 1869 2376 supplendi.

627 2431 917 2521 Caules
970 2434 1355 2521 cubitales
1413 2436 1598 2520 sunt
1662 2454 1746 2519 et
1810 2434 2447 2548 sesquicubitales
2483 2494 2509 2539 ,
2591 2433 2677 2515 iu
2743 2424 3007 2515 veteri

314 2561 598 2678 planta
642 2628 667 2671 ‚
718 2580 1067 2654 ‚maturo
1132 2564 1429 2649 semine
1492 2563 1772 2648 onusta
1815 2627 1839 2669 ,
1907 2564 2531 2674 procumbentes
2569 2625 2598 2671 ,
2696 2562 2784 2646 in
2869 2557 3007 2641 iu·-

318 2693 546 2778 niori
604 2709 693 2778 et
750 2711 1039 2795 vegeta
1110 2693 1289 2778 satis
1386 2690 1625 2774 erecti
1674 2754 1698 2795 ‚
1802 2719 2195 2807 perquam
2293 2689 2587 2777 ramofi
2630 2752 2663 2797 ‚
2751 2686 3008 2773 ramis

306 2820 580 2931 longis
616 2887 641 2929 ‚
710 2810 934 2942 {nepe
993 2821 1128 2906 sub
1193 2819 1497 2927 angulo
1560 2822 1986 2908 semiresto
2068 2823 2381 2909 maiore
2462 2816 2939 2904 exeuntibus
2975 2874 3010 2922 ,

307 2951 502 3035 fluia
569 2953 730 3037 fere
799 2943 1204 3063 atriplieis
1270 2955 1563 3038 satiuae
1602 3013 1628 3057 ‚
1695 2954 2081 3062 petiolata
2133 3014 2160 3057 ,
2242 2945 2480 3033 crafl'a
2557 2970 2642 3034 et
2723 2943 3003 3035 succu-

301 3075 516 3165 lenta
567 3146 593 3190 ‚
726 3077 1141 3186 subglauca
1189 3145 1215 3184 ‚
1281 3080 1542 3190 magis
1610 3099 1876 3169 tamen
1959 3084 2165 3167 infra
2209 3143 2235 3185 ‚
2328 3099 2577 3190 quam
2655 3100 2764 3163 ex
2865 3081 3005 3163 {u-

307 3213 624 3320 perioti
695 3224 947 3320 parte.
1116 3210 1408 3294 Petioli
1478 3225 1577 3291 vt
1641 3228 1725 3291 et
1786 3210 2051 3295 caules
2118 3231 2220 3308 et,
2262 3209 2478 3292 rami
2539 3209 2626 3288 in
2694 3204 3005 3290 iuniori

309 3339 605 3450 planta
663 3332 1011 3446 pulchre
1075 3336 1361 3416 rubent
1404 3397 1427 3437 ‚
1493 3335 1580 3413 in
1638 3337 1908 3420 adulta
1979 3361 2178 3417 vero
2247 3335 2314 3409 is
2374 3332 2605 3414 color
2689 3332 3014 3437 prorsuo

307 3465 552 3575 perit.
694 3461 975 3548 Flores
1040 3461 1122 3541 in
1194 3460 1438 3568 spicas
1505 3458 1780 3544 breues
1848 3460 2055 3544 siue*
2073 3453 2452 3566 globulos
2527 3452 3012 3542 arctiffimos

307 3592 873 3705 disponuntur.
1007 3587 1128 3672 Et
1196 3584 1572 3672 masculis
1650 3591 1980 3699 quidem
2079 3589 2412 3674 stamina
2517 3582 2701 3669 sunt
2797 3609 2999 3694 qua·

304 3708 497 3806 tuor
536 3785 562 3829 ‚
626 3743 711 3808 et
780 3717 1201 3820 interdum
1274 3720 1664 3827 quinque,
1728 3740 1832 3802 ex
1900 3715 2054 3800 bafi
2152 3708 2604 3801 coi-ollulae
2669 3713 3001 3822 quadri-

304 3854 683 3964 partitae,
714 3849 951 3931 cuius
1016 3844 1351 3932 laciniae
1414 3847 1813 3932 minimae
1880 3851 2071 3932 sunt
2125 3864 2212 3932 et
2272 3862 2589 3946 enatae,
2624 3842 3004 3953 oriunda,

294 3981 668 4067 anthei-is
726 3976 1240 4063 subrotundis
1286 4037 1319 4080 ,
1377 3974 1592 4064 sulco
1655 3979 1744 4059 in
1806 3977 2006 4061 duos
2074 3995 2341 4084 partes
2418 3972 2694 4058 diuisis
2733 4035 2761 4075 ‚
2862 3974 2995 4061 iu-

286 4110 609 4195 strud’ta.
716 4107 814 4192 Iu
881 4106 1063 4214 ipsa
1125 4103 1280 4187 bafi
1345 4104 1703 4195 corollae
1769 4105 2170 4212 germinis
2227 4103 2490 4192 veluti
2558 4103 2995 4210 vestigium

288 4240 394 4324 est
435 4305 462 4348 ‚
532 4238 670 4324 sub
733 4240 1007 4346 (pecie
1077 4233 1366 4344 punffi
1435 4238 1943 4347 nigricantis.
2065 4231 2480 4321 Femenae
2546 4234 2635 4316 iu
2710 4234 2994 4322 eadem

283 4365 556 4482 planta
624 4363 937 4459 maseul
961 4363 1032 4449 is
1100 4365 1541 4492 miscentur
1581 4432 1613 4477 ,
1702 4384 1849 4451 aut
1908 4368 2167 4457 etiam
2226 4364 2568 4454 inferius
2655 4362 2744 4447 in
2843 4361 3004 4447 alis.

1606 4497 1680 4588 L
1755 4520 1811 4600 3
2429 4527 2432 4532 ·
2737 4487 3005 4607 {oliof
