4414 5652
1424 391 1606 471 126
2081 358 3427 471 FR'VCTIFLORAE.

1405 629 1590 702 tem
1658 610 1755 726 β)
1812 610 2124 702 semine
2179 632 2348 695 non
2407 600 2952 713 galericulato
3017 627 3259 694 vocat
3298 671 3324 716 ,
3386 624 3812 719 nunquam
3882 603 4109 691 enim

1416 739 1575 829 alia
1638 741 1725 828 in
1786 769 1879 831 ea
1939 738 2239 828 semina
2278 798 2305 846 ,
2360 759 2616 847 quam
2674 734 3200 846 galericulata
3263 737 3465 826 vidi.

1714 996 1857 1083 Ex
1916 991 2214 1107 quibus
2273 986 2725 1095 omnibus',
2788 989 2921 1077 vti
2989 1012 3196 1101 puto
3234 1054 3262 1101 ,
3353 992 3874 1105 perspicuum
3928 988 4042 1092 est
4074 1052 4103 1099 ‚

1421 1124 1793 1243 plantam
1857 1118 1947 1238 α)
2010 1124 2160 1207 effe
2218 1119 2587 1230 plantam
2653 1119 2905 1205 huius
2970 1122 3259 1231 speciei
3327 1124 3699 1208 maxime
3782 1139 4105 1205 natura·

1419 1252 1593 1339 lem
1627 1316 1654 1364 ,
1703 1256 1957 1340 cuius
2017 1253 2289 1362 itaque
2366 1249 2994 1362 descriptionem
3085 1251 3491 1338 adornabo
3533 1310 3561 1355 ‚
3623 1250 3883 1362 quoad
3960 1273 4111 1358 po-

1430 1401 1676 1491 tero,
1740 1381 2110 1469 exaetam
2149 1442 2177 1488 ,
2241 1374 2526 1463 saltem
2592 1377 3085 1467 exastiorem
3124 1382 3298 1468 illa
3342 1441 3369 1486 ,
3428 1403 3678 1490 quam
3745 1381 3812 1465 b.
3877 1376 4110 1466 AM·

1420 1508 1697 1600 MAN
1706 1509 1841 1598 VS
1904 1515 1987 1598 in
2045 1503 2381 1595 iconibus
2446 1527 2528 1595 et
2585 1508 3198 1622 descriptionIbus
3265 1509 3630 1622 stirpium
3730 1508 4114 1595 rariorum

1425 1642 1506 1725 t‘n
1567 1643 1873 1753 imperio
1938 1636 2290 1724 Rutheno
2335 1631 2592 1748 sponte
2642 1638 3242 1754 prouenientium
3317 1636 3807 1746 euulgauit3
3907 1633 4118 1721 hanc

1425 1786 1513 1854 et
1613 1769 1848 1853 icone
1954 1769 2054 1853 ad
2146 1763 2518 1875 plantam
2607 1764 3106 1872 syluestrem·
3140 1766 3480 1854 naturali
3549 1765 4117 1874 magnitudine

1424 1892 1629 1982 fieta
1668 1895 2003 1982 illustro.
2105 1894 2368 1981 Radix
2406 1894 2611 1979 fusca
2645 1898 2756 1983 est
2810 1956 2838 2002 ,
2899 1891 3204 2005 lignosa
3249 1958 3277 2003 ‚
3338 1896 3730 2010 perennis.
3818 1896 4106 1982 Vitam

1423 2046 1864 2134 perennem
1900 2040 2181 2108 autem
2200 2008 2573 2109 dii'udieo
2604 2048 2713 2108 ex
2747 2025 2923 2108 eius
2954 2026 3321 2130 crassitie,
3353 2049 3559 2136 quae
3592 2023 3812 2134 saepe
3843 2024 4114 2131 digito

1431 2151 1678 2252 indici
1746 2151 2094 2263 aequalis
2154 2154 2313 2256 est,
2378 2170 2462 2238 et
2523 2176 2629 2237 ex
2694 2152 3060 2243 caulibus
3119 2154 3641 2268 superiorum
3708 2177 4109 2239 annorum

1432 2279 1987 2392 superstitibus
2026 2344 2052 2387 ,
2115 2300 2214 2365 vt
2244 2282 2443 2365 adeo
2508 2279 3123 2372 LINNAEVS
3157 2306 3512 2369 annuam
3567 2277 3846 2369 minus
3906 2281 4120 2367 reete

1430 2411 2131 2524 pronunciauerit.
2270 2407 2501 2496 Folia
2568 2413 2938 2501 radicalia
2998 2411 3477 2521 pinnatifida
3522 2471 3549 2516 ,
3610 2428 3754 2494 aut
3787 2432 3894 2494 ex
3932 2412 4118 2522 pin·

1435 2553 1630 2626 nato
1726 2540 2044 2622 dentata
2098 2597 2125 2642 ‚
2223 2537 2483 2619 rarius
2541 2540 2794 2622 etiam
2876 2559 3119 2626 ouata
3180 2556 3267 2622 et
3357 2539 3729 2648 margine
3820 2539 4132 2626 serrata·

1439 2666 1653 2752 sunt.
1782 2660 2064 2749 Caulis
2127 2662 2437 2777 pedalis
2496 2679 2580 2747 et
2638 2665 3005 2753 cubitalis
3066 2667 3555 2782 plerumque
3633 2669 3866 2754 rubet
3904 2729 3930 2774 ,
3987 2693 4137 2752 ra-·

1441 2793 1746 2885 riffime
1812 2813 2038 2883 totus
2104 2794 2328 2878 viret
2361 2842 2396 2903 5
2487 2808 2693 2880 teres
2752 2797 2862 2883 est
2928 2814 3016 2885 et
3071 2797 3341 2907 glaber
3371 2859 3400 2903 ,
3496 2794 3714 2877 soliis
3797 2798 4143 2879 vestitus

1305 3014 1308 3017 Α
1443 2923 1608 3008 fiere
1672 2921 2050 3005 seffilibus
2089 2983 2116 3026 ‚
2211 2945 2319 3006 ex
2383 2922 2708 3008 aduerso
2774 2925 2978 3007 binis
3016 2981 3044 3027 ‚
3141 2926 3373 3030 supra
3438 2926 3700 3011 sature
3758 2938 3845 3005 et
3917 2918 4134 3005 laete

1442 3043 1842 3135 viridibus
1881 3107 1907 3155 ‚
1972 3044 2178 3134 infra
2241 3047 2518 3132 multo
2582 3047 3151 3158 pallidioribus
3193 3114 3220 3159 ,
3282 3074 3445 3162 quo
3503 3047 4050 3155 superioribus
4102 3107 4130 3155 ‚

1442 3202 1545 3266 eo
1609 3173 2071 3263 minoribus
2132 3192 2218 3260 et
2283 3175 2961 3288 frequentioribus
3001 3241 3029 3283 ‚
3099 3182 3463 3289 quinque
3501 3238 3529 3284 ,
3602 3177 3740 3259 sex
3800 3194 3885 3261 et
3947 3178 4125 3287 sep-

1445 3325 1625 3394 tem
1692 3304 2399 3412 coniugationibus
2459 3304 2947 3395 foliolorum
3007 3303 3650 3393 lanceolatorum
3712 3300 4121 3414 conflatis,

1437 3434 1745 3544 impari
1833 3435 2137 3520 costam
2197 3429 2610 3517 claudente
2648 3497 2675 3540 ‚
2761 3432 3265 3546 pinnatifido.
3432 3433 3512 3519 E
3571 3434 3917 3518 summis
3994 3437 4121 3517 fo·

1442 3561 1750 3647 liorum
1810 3557 1958 3640 alis
2020 3582 2067 3638 e
2129 3557 2466 3661 singulis
2529 3557 2835 3666 finguli
2924 3561 3333 3669 prodeunt
3426 3558 3732 3647 ramuli
3830 3560 4119 3647 hirsuti

1443 3707 1808 3797 quorum
1871 3679 2146 3766 infimi
2217 3682 2566 3766 vnciales
2640 3705 2728 3770 et
2828 3685 3261 3773 biunciales
3298 3750 3325 3795 ,
3421 3688 3866 3799 superiores
3964 3689 4118 3774 vix

1356 3836 1361 3841 ·
1442 3832 1822 3926 quartam
1888 3811 2177 3901 vnciae
2232 3829 2555 3918 partem
2621 3808 2849 3924 longi
2913 3819 3098 3903 sunt
3138 3878 3164 3923 ,
3256 3837 3343 3903 et
3403 3815 3708 3903 foliolis
3803 3814 4118 3931 paulla-

1445 3943 1610 4028 tim
1674 3943 1773 4027 ad
1835 3939 2447 4026 extremitatem
2483 3964 2761 4052 -vsque
2824 3944 3223 4054 stipantur
3278 3948 3710 4059 oppositis,
3777 3947 4120 4052 infimis,

1445 4066 1868 4181 aliquanto
1932 4064 2195 4153 incisis
2254 4129 2279 4173 ,
2383 4068 2921 4182 superioribus
2984 4076 3323 4184 integris
3384 4095 3470 4161 et
3531 4077 4115 4164 minutiffimis.

1447 4199 1594 4290 Ex
1654 4195 1951 4286 horum
2012 4194 2408 4284 foliorum
2473 4200 2622 4286 alis
2734 4203 3177 4311 pedunculi
3265 4188 3547 4293 *tenelli
3648 4212 4051 4318 prodeunt
4090 4267 4119 4313 ,

1447 4327 1841 4420 trientem
1894 4327 2188 4414 ,vnciae
2243 4347 2334 4419 et
2394 4327 2670 4416 minus
2736 4329 2964 4446 longi
3007 4396 3038 4446 ,
3134 4358 3493 4449 quorum
3568 4332 3866 4447 finguli
3962 4331 4122 4422 flo-

3929 4489 4111 4551 rem
