4414 5652
1364 382 1544 461 ,σε
2095 361 3366 488 31L1QvosAE,

1376 604 1680 690 alterna
1720 662 1748 708 ,
1821 601 2197 690 inferiora
2294 601 2520 716 saepe
2615 598 2774 687 basi
2868 598 3193 685 dentato
3230 643 3270 660 -
3307 595 3634 706 pinnata
3676 656 3701 700 ‚
3794 595 4019 711 saepe

1363 733 1618 815 etiam
1682 757 1855 818 vno
1917 733 2078 818 vel·
2122 728 2379 816 altero
2440 749 2766 816 tantum
2829 729 3063 814 dente
3128 723 3547 832 insti-usta,
3607 724 4016 834 superiora

1367 860 1681 965 integra
1753 858 2037 945 lineari
2084 906 2122 920 —
2159 859 2646 965 lanceolata,
2674 854 2960 961 ctassa,
2994 857 3503 968 aliquantum
3566 876 3672 937 ex
3728 852 4021 960 glauco

1372 987 1670 1072 viridia
1713 1048 1739 1092 ‚
1807 1014 1915 1073 ex
1983 989 2131 1074 alis
2238 984 2752 1098 fingulorum
2853 985 3431 1095 prodeuntibus
3532 980 4025 1092 plerumque

1370 1115 1673 1202 duobus
1730 1114 2036 1204 foliolis
2099 1113 2524 1200 linearibus
2568 1177 2594 1221 ,
2660 1112 3105 1199 vncialibus
3159 1131 3242 1195 et
3307 1110 3811 1218 minoribus,
3870 1136 4023 1194 an-

1369 1243 1849 1351 gustiffimiS.
1994 1242 2253 1353 Sapor
2351 1245 2714 1330 eminens
2809 1239 3104 1327 nullus.
3269 1238 3515 1327 Rami
3617 1239 4028 1350 palmares

1367 1371 1796 1484 multoque
1858 1374 2108 1455 etiam
2170 1370 2530 1460 minores
2573 1433 2598 1480 ,
2664 1370 2926 1477 nudi,
2986 1387 3127 1455 aut
3184 1369 3495 1453 duobus
3572 1370 4021 1453 admodum

1370 1497 1589 1583 foliis
1659 1499 2112 1585 minoribus
2181 1499 2446 1586 vestiti
2490 1565 2517 1609 ,
2613 1497 2966 1585 alternis.
3099 1497 3379 1586 Flores
3485 1496 3950 1581 terminales
3995 1557 4021 1601 ,

1366 1631 1726 1737 quinque
1792 1629 1890 1710 ad
1952 1629 2405 1737 quindecim
2450 1690 2475 1734 ‚
2535 1626 3077 1737 pedunculati.
3210 1620 3487 1727 Calyx
3563 1625 4030 1737 tetraphyl-

1364 1750 1496 1836 lus
1534 1814 1560 1859 ,
1628 1752 1927 1840 foliolis
1983 1752 2138 1837 basi
2207 1753 2419 1840 haud
2482 1754 2736 1863 gibbis
2773 1818 2799 1862 ,
2863 1755 3237 1842 concauis
3269 1815 3299 1858 ‚
3391 1750 3764 1838 coloratis
3802 1817 3828 1861 ,
3934 1756 4027 1837 in

1365 1884 1637 1972 medio
1692 1883 2207 1993 aliquantum
2275 1883 2821 1969 recedentibus
2877 1887 3233 1994 adeoque
3292 1882 3586 1968 leuiter
3650 1885 4035 1985 arcuatis,

1364 2010 1676 2095 duobus
1742 2009 1898 2094 fitu
1969 2011 2502 2096 inferioribus.
2604 2010 2873 2097 Petala
2937 2030 3176 2097 ouata
3216 2076 3241 2120 ‚
3303 2006 3580 2096 obtusa
3618 2070 3647 2117 ,
3710 2011 4031 2098 erecto-

1365 2138 1716 2247 patentia
1753 2199 1779 2243 ‚
1842 2139 2249 2245 vnguibus
2308 2134 2819 2249 longitudine
2910 2139 3240 2248 calycis.
3372 2136 3791 2225 Antherae
3880 2139 4025 2221 in-

1359 2266 1609 2352 ferius
1667 2265 1957 2352 bifidae
1997 2326 2023 2372 ,
2086 2288 2627 2354 mucronatae.
2760 2264 3165 2358 Glandula
3264 2265 3726 2353 nestarifera
3784 2259 4030 2379 linter

1366 2416 1708 2501 germen
1771 2412 1855 2482 et
1916 2390 2431 2484 filamentum
2494 2400 2853 2500 breuius,
2909 2395 3222 2505 hocque
3286 2397 3612 2507 peqitus
3670 2398 4039 2501 cingens.

1367 2517 1726 2608 Germen
1790 2521 2347 2629 cylindricum
2411 2541 2652 2609 tenue
2691 2587 2718 2630 ,
2780 2521 3247 2609 staminibus
3311 2525 3662 2607 breuius.
3739 2522 4043 2628 Stylus

1365 2645 1666 2735 nullus.
1836 2648 2159 2756 Stigma
2259 2651 2708 2762 capitatum
2757 2711 2783 2755 ,
2885 2674 3029 2762 per
3118 2655 3491 2739 medium
3597 2648 4034 2742 sulcatum.

1362 2772 1681 2888 Siliqua
1744 2775 1998 2865 modo
2056 2777 2344 2890 longa,
2412 2781 2663 2871 modo
2723 2782 3008 2869 breuis.

1658 2944 1761 3026 In
1815 2944 2056 3027 omni
2153 2945 2467 3032 Sibiria
2565 2952 2933 3049 frequens
3024 2949 3163 3029 est.
3290 2941 3658 3029 varietas
3757 2940 3829 3028 1.
3942 2945 4040 3029 ad

1368 3063 1653 3150 Lenam
1712 3067 1991 3149 creti-,it
2025 3127 2051 3167 ‚
2117 3068 2440 3153 caulem
2505 3071 2989 3179 producens,
3053 3072 3271 3155 vltra
3334 3068 3666 3153 vnciam
3732 3068 4041 3176 latum,

1360 3190 1663 3278 foliolis
1751 3189 2262 3314 capillaribus
2313 3257 2338 3301 ‚
2463 3193 2917 3313 numerosis
2975 3257 3000 3300 ,
3109 3195 3512 3316 corymbo
3614 3198 4035 3281 terminali

1364 3318 1779 3432 sphaerico
1820 3381 1846 3425 ,
1908 3318 2366 3431 compofito
2447 3320 2781 3425 floribus
2874 3320 3431 3436 pedunculatis
3465 3380 3492 3427 ,
3588 3323 3846 3410 forma
3944 3342 4035 3410 et

1368 3449 1766 3535 structura
1832 3449 2237 3559 prioribus
2297 3448 2719 3537 fimilibus.

1365 3765 1624 3857 NEO
1666 3638 1805 3851 Ast?
1831 3633 2065 3847 {haec
2103 3612 2109 3618 ·
2132 3640 2407 3752 Planta
2441 3641 2647 3727 forte
2674 3632 3141 3723 cheirathus
3187 3638 3714 3748 eryfimoides
3760 3574 4030 3726 L1Nss

1681 3794 1724 3854 e

1477 3948 1641 4022 ar.
1707 3933 2302 4025 HESPERIS
2363 3938 2594 4024 caule
2661 3938 3237 4045 ramofiffim0‚
3286 3936 3501 4028 foliis
3558 3942 4027 4055 linearibus,

1483 4126 1486 4135 f
1743 4063 2216 4177 pedunculis
2276 4066 2596 4176 glabris.
2668 4152 2675 4159 ,

1865 4192 1960 4280 H
1958 4193 2232 4305 esperis
2286 4193 2663 4310 fruticosa
2696 4257 2726 4303 ,
2822 4194 3313 4307 angtfitffimo
3399 4195 3583 4307 solio
3621 4262 3649 4308 ,
3709 4184 4041 4315 fibquis'

2002 4322 2349 4431 virgatis
2391 4387 2416 4431 ,
2470 4320 2683 4413 GM.
2757 4323 2929 4407 1ηᾶ.
2997 4325 3163 4412 len.
3235 4348 3512 4432 1034.

3734 4454 4013 4543 Radix
