4414 5652
1404 415 1591 524 3150
2093 413 3387 516 FRVCTIFLORAE.

1402 654 1607 757 dix„
1673 648 2012 734 nomine
2073 646 2305 732 illam
2366 630 2980 734 cohonestarunt
3042 664 3320 755 gentes
3373 639 3747 730 Sibiriae.
3893 633 4067 729 Tass

1408 784 1598 865 taris
1660 807 1729 863 e.
1800 803 1876 885 g.
1940 775 2674 866 Crasnoiarenfibus
2712 839 2738 882 ,
2833 776 3282 884 Belinger4
3380 775 3687 858 Affanis
3756 771 4065 880 Hinga-

1408 937 1508 994 na
1550 972 1576 1015 ‚
1643 906 2077 994 Baschciris
2144 907 2416 1012 Atlyk
2477 908 2796 990 di3itur.
2991 907 3272 990 Tatari
3356 901 3717 1014 plantam
3811 907 4068 1011 ipsam

1408 1039 1600 1126 Saba
1663 1056 1982 1150 vocant.
2111 1033 2554 1124 Succofitas
2612 1037 2751 1119 ista
2814 1025 3178 1120 radicum
3241 1035 3525 1117 aestate
3593 1033 3870 1142 perit,
3935 1033 4075 1116 vbi

1410 1169 1821 1254 nimirum
1884 1163 2139 1249 caulis
2199 1164 2531 1250 fioribus
2595 1166 2761 1247 iam
2826 1166 3206 1249 exornari
3285 1155 3576 1272 incipit
3613 1222 3639 1266 ,
3736 1165 4078 1248 omnino

1412 1298 1544 1381 vti
1611 1298 1698 1380 in
1762 1295 1943 1378 aliis
2006 1294 2303 1404 plantis
2341 1356 2365 1400 ,
2425 1318 2775 1406 quarum
2848 1279 3147 1380 radices
3215 1290 3565 1378 succosae
3624 1289 3836 1375 sunt.

1713 1420 1991 1510 Caulis
2049 1421 2539 1535 plerumque
2605 1420 2871 1531 glaber
2933 1424 3046 1506 est
3084 1485 3110 1528 ‚
3199 1421 3613 1505 interdum
3684 1419 3851 1503 leui
3957 1417 4082 1503 la-

1404 1552 1720 1660 nugine
1772 1553 2169 1662 adspersus
2202 1617 2228 1662 ‚
2288 1555 2384 1637 ad
2450 1580 2714 1639 vnum
2773 1575 2971 1636 cum
3032 1551 3382 1637 dimidio
3441 1569 3526 1634 et
3569 1547 3794 1640 duos
3853 1548 4085 1633 cubi·

1406 1701 1543 1765 tus
1641 1681 1846 1764 altus
1887 1741 1914 1785 ‚
2001 1698 2207 1768 teres
2244 1743 2272 1788 ,
2361 1686 2775 1794 superiora
2867 1681 3138 1766 versus
3196 1678 3493 1767 leuiter
3560 1676 3886 1768 striatas
3946 1693 4090 1775 am

1411 1810 1756 1895 sulcatus
1789 1875 1814 1922 ‚
1879 1811 2107 1921 saepe
2163 1809 2582 1922 simplex,
2646 1808 2862 1895 foliis
2920 1813 3250 1898 vestitus
3306 1806 3640 1896 alternis.
3672 1871 3700 1915 ‚
3765 1811 4088 1916 crebri&

1409 1939 1686 2024 firmis
1714 2005 1740 2050 ‚
1803 1957 1887 2024 et
1951 1937 2113 2025 fere
2173 1941 2461 2050 rigidis
2499 2003 2526 2047 ,
2591 1939 2963 2027 seffilibus
3001 2004 3027 2047 ‚
3092 1939 3549 2028 lanceolatis
3586 1996 3611 2041 ‚
3670 1941 4089 2028 interdum

1405 2070 1661 2154 etiam
1750 2066 1886 2154 elli
1896 2071 2132 2175 pticis
2228 2069 2489 2158 subito
2587 2071 3209 2162 decrescentibus
3261 2133 3289 2180 ,
3383 2086 3613 2157 acute
3708 2072 4034 2154 serratis
4072 2133 4097 2178 ,

1411 2197 1619 2283 laete
1682 2198 2077 2283 viridibus
2118 2261 2145 2305 ‚
2244 2203 2449 2286 infra
2510 2202 2946 2286 nitentibus
2983 2265 3008 2308 ,
3103 2222 3187 2288 et
3265 2204 3363 2287 ad
3450 2220 3637 2283 oras
3723 2199 4101 2288 breuibus

1410 2330 1563 2420 vix
1620 2327 2194 2439 conspiciendis
2252 2330 2446 2441 pilis
2493 2328 2825 2440 aspersis
2861 2394 2920 2438 ‚.
2956 2329 3158 2417 lobis
3218 2350 3794 2437 nonnunquam
3860 2352 4094 2415 com·

1410 2455 1755 2569 plicatis·
1888 2458 2154 2543 Hocce
2213 2458 2489 2546 habitu
2550 2462 2915 2546 incedens
3013 2455 3288 2566 planta
3364 2480 3471 2578 ex
3566 2451 3716 2536 alis
3811 2459 4104 2570 supte-
4150 2447 4173 2562 f

1414 2607 1755 2668 morum
1820 2583 2276 2686 foliorum,
2342 2606 2544 2706 quae
2611 2587 2965 2667 minima
3031 2584 3217 2669 sunt
3254 2647 3279 2690 ,
3339 2583 3835 2696 pedunculos
3896 2612 4103 2701 pro-

1413 2712 1578 2797 mit
1639 2710 1994 2795 vnciales
2054 2729 2140 2797 et
2196 2711 2607 2800 breuiores
2646 2774 2671 2819 ‚
2738 2726 3016 2796 tenues
3055 2772 3082 2818 ,
3147 2717 3394 2799 vnico
3457 2714 3870 2799 interdum
3938 2715 4113 2802 flo-

1411 2866 1506 2928 re
1604 2831 2082 2925 terminatos
2120 2901 2151 2945 ‚
2240 2841 2652 2925 interdum
2716 2842 3139 2926 subdiuisos
3196 2861 3283 2924 et
3352 2840 3701 2922 totidem
3760 2840 4120 2927 floribus

1417 2966 1740 3049 onustos
1779 2990 1839 3068 ,·
1906 2969 1994 3046 in
2057 2986 2262 3075 quot
2332 2965 2759 3077 pedunculi
2822 2966 3300 3050 diuiduntur
3365 2965 3727 3073 ramulos
3770 3031 3794 3074 ‚
3892 2993 4115 3076 pen-

1416 3089 1621 3175 dulis
1659 3155 1686 3200 ‚
1747 3089 2020 3177 odoris
2085 3118 2250 3178 uon
2315 3097 2678 3203 ingrati,
2760 3094 2887 3180 sed
2947 3095 3253 3180 remissi
3293 3156 3319 3199 ,
3419 3096 3852 3179 mediocris
3913 3126 4168 3209 mar

1418 3222 1866 3330 gnitudinis
1923 3284 1950 3329 ‚
2085 3246 2666 3334 nonnunquam
2765 3225 3018 3307 etiam
3116 3224 3323 3307 infra
3422 3220 4103 3314 mediocritatem.

1413 3349 1682 3457 Calyx
1741 3375 1898 3485 pro
1956 3346 2184 3432 floris
2215 3376 2226 3384 ·
2253 3351 2812 3457 magnitudine
2878 3373 3173 3458 paruus
3212 3414 3237 3455 ‚
3314 3353 3401 3435 in
3466 3350 3820 3465 quinque
3896 3355 4107 3441 laci-

1420 3484 1590 3564 nias
1683 3480 2044 3586 angustas
2087 3541 2113 3584 ‚
2209 3476 2487 3585 paulo,
2553 3480 2955 3585 reflexas,
3053 3484 3528 3565 terminatus
3572 3540 3597 3585 ‚
3693 3481 4102 3570 corollam
4209 3526 4216 3531 κ

1417 3603 1774 3691 adfixam
1837 3603 2069 3689 habet
2134 3604 2571 3712 oblongam
2612 3668 2638 3711 ,
2737 3605 2920 3717 plus
2981 3609 3251 3693 minus
3310 3606 3751 3699 caeruleam
3789 3679 3815 3723 ,
3879 3614 4106 3700 dilu-

1419 3734 1656 3822 tioris
1724 3749 1997 3816 tamen
2060 3731 2377 3842 semper
2446 3731 2741 3847 coloris
2784 3801 2809 3841 ,
2875 3730 3521 3849 campanulatam
3566 3801 3594 3846 ,
3694 3744 3783 3826 in
3844 3721 4107 3854 ouin-

1414 3886 1576 3972 que
1642 3880 1912 3945 acutas
1953 3926 1977 3969 ‚
2084 3854 2563 3969 triangulas*
2620 3863 2939 3955 lacinias
3007 3865 3532 3975 suprasectam
3581 3932 3607 3975 ‚
3706 3875 3793 3956 in
3861 3868 4114 3958 cuius

1413 3990 1669 4076 fundo
1723 3993 2082 4103 quinque
2141 3989 2333 4075 sunt
2398 3992 2696 4081 valuae·
2741 3994 3002 4095 albae,
3062 3994 3575 4104 lanuginolae
3615 4062 3637 4103 ,
3740 4027 4095 4111 quarum

1416 4117 1761 4228 singulis
1866 4119 2179 4224 singula
2274 4124 2726 4245 tenuissima
2827 4124 3248 4214 filamenta
3321 4189 3348 4235 ,
3448 4124 3662 4213 hisce
3751 4133 4112 4244 denique

1416 4246 1787 4358 singulae
1847 4246 2330 4364 praelongae
2413 4248 2680 4341 luteae
2783 4251 3164 4341 antherae
3259 4256 3648 4344 insistunt:
3842 4258 4105 4347 Stilus

1415 4379 1618 4465 flore
1651 4383 1905 4497 ,saepe
1966 4377 2227 4501 duplo
2291 4378 2619 4492 longior
2659 4448 2684 4495 ‚
2750 4384 2972 4500 saepe
3038 4388 3432 4498 aequaliS,
3496 4389 3882 4498 stigmate
3929 4390 4107 4478 cla-

2429 4546 2440 4551 ·
3836 4541 4034 4605 vato
4071 4582 4100 4626 ‚
