4414 5652
1117 369 2348 467 INCOMPLETAE.
2934 403 3051 481 91

694 610 1001 692 Totam
1071 599 1392 716 plantae
1465 607 2110 711 magnitudinem
2184 633 2346 691 non
2419 612 2641 693 noui.
2706 605 3066 711 Surculi,

387 760 590 847 quos
647 763 690 821 a
758 738 891 824 Cl.
959 733 1431 822 LERCHE
1498 740 2148 823 communicatos
2229 739 2496 847 accepi
2548 798 2573 835 ‚
2660 739 2811 822 vix
2924 737 3071 818 do-

386 865 801 950 drantales⁸
850 870 1034 949 sunt
1073 925 1104 968 ,
1166 884 1249 947 et
1309 867 1671 951 summae
1735 885 1997 972 partes
2052 863 2423 949 caulium
2508 866 2659 949 este
2774 866 3067 950 viden-

384 1011 555 1079 tur.
685 994 992 1082 Cortex
1059 991 1400 1074 caudicis
1467 992 1777 1077 albidus
1845 994 1955 1077 est
1994 1056 2021 1100 ‚
2086 992 2459 1078 craffities
2545 1019 2845 1105 pennae
2923 1017 3067 1076 co-

381 1122 818 1218 lumbinae.
946 1122 1192 1207 Rami
1262 1119 1570 1231 copiosi
1613 1172 1639 1222 ‚
1716 1125 2081 1208 summae
2141 1124 2403 1207 caulis
2475 1125 2729 1231 partis
2830 1123 3070 1208 instar

382 1249 746 1357 hirsuti,
810 1247 949 1334 sub
1012 1246 1322 1355 angulo
1389 1250 1825 1335 semircdto
1885 1252 2444 1358 egrediuntur.
2581 1251 2819 1340 Folia
2901 1257 3065 1335 fere

373 1377 709 1462 linearia
764 1441 791 1484 ,
883 1375 1246 1463 subulata
1309 1396 1392 1463 et
1470 1380 1637 1464 fere
1736 1378 2160 1465 filiformia
2206 1440 2234 1484 ‚
2329 1400 2490 1464 tres
2589 1385 3067 1492 quadrantes

373 1507 661 1595 vnciae
725 1528 809 1592 et
876 1506 1404 1593 semiunciam
1470 1524 1556 1589 et
1640 1510 1922 1593 minus
2018 1507 2263 1615 longa
2305 1570 2330 1614 ,
2436 1508 2729 1596 viridia
2773 1570 2799 1616 ‚
2874 1507 3065 1592 hir-

367 1639 545 1723 stlta
593 1698 620 1742 ,
676 1632 1041 1721 caulium
1112 1656 1198 1721 et
1263 1660 1696 1723 ramorum
1765 1639 2236 1725 insti-iorem
2306 1655 2622 1747 partem
2694 1661 2842 1750 per
2939 1639 3062 1721 fia·

366 1765 709 1855 sciculos
771 1764 1131 1852 vestiunt
1166 1827 1194 1874 ,
1292 1770 1379 1850 in
1446 1767 1856 1878 superiore
1924 1785 2152 1878 parte
2220 1764 2524 1851 alterna
2632 1769 2813 1852 sunt
2853 1826 2881 1870 ,
2969 1780 3065 1851 et

368 1894 743 2008 plurima
807 1895 1166 1981 minima
1228 1893 1508 1980 foliola
1572 1898 2008 1984 includunt
2046 1960 2075 2003 ‚‚
2145 1892 2381 1981 flores
2446 1895 2787 1981 striaestim
2872 1894 3053 1976 cin-

366 2024 674 2132 gentia.
749 2023 825 2107 Ii
888 2044 1165 2110 autem
1231 2041 1312 2108 et
1376 2023 1656 2113 colore
1721 2051 1806 2115 et
1876 2027 2445 2133 magnitudine
2510 2027 2812 2136 prioris
2875 2022 3057 2134 spe·

359 2153 527 2238 ciei
587 2150 831 2237 flores
898 2156 1332 2259 referiunt,
1399 2153 1549 2236 nisi
1607 2163 1825 2265 quod
1892 2157 2173 2239 minus
2237 2154 2390 2239 fint
2461 2174 2891 2267 patentes,
2957 2166 3049 2239 et

361 2281 716 2367 inferior
773 2302 957 2387 pars
1002 2338 1029 2383 ‚
1092 2302 1298 2388 quae
1365 2279 1660 2362 nidum
1729 2285 2067 2390 praestat
2134 2284 2562 2386 germini,
2626 2284 2812 2392 plus
2847 2302 3058 2369 con-,-

359 2407 626 2494 trasta
689 2406 1113 2516 magisque
1176 2403 1500 2510 globo&
1534 2466 1567 2509 ,
1674 2433 1773 2493 eo
1843 2406 2072 2517 quod
2165 2426 2512 2512 germen
2608 2428 2695 2493 et
2783 2413 3055 2503 semen

348 2534 654 2623 altiora
717 2531 876 2616 sint
918 2593 944 2639 ,
1006 2531 1180 2616 fiue
1281 2534 1547 2636 magis
1610 2534 1870 2619 crassa.
2041 2533 2367 2620 Deinde
2463 2533 2550 2614 in
2648 2537 3059 2645 superiore

357 2684 602 2777 parte
663 2658 889 2745 floris
952 2663 1318 2770 quinque
1360 2660 1800 2747 ¹tubercula
1865 2663 1955 2749 in
2051 2661 2336 2755 orbem
2436 2661 2982 2773 disponuntur
3018 2721 3072 2772 ,,

353 2817 402 2877 ι
476 2815 844 2904 quorum
913 2786 1253 2898 singulis
1315 2785 1628 2877 bractea
1690 2790 1852 2879 fere
1915 2790 2000 2874 in
2068 2790 2494 2901 planitiem
2561 2795 2817 2880 exstat
2884 2817 3040 2878 an·

212 2902 223 2916 ’
349 2923 585 3029 gusta
626 2984 661 3027 ,
726 2944 935 3031 quae
985 2937 1281 3006 omnes
1346 2915 1434 3000 in
1490 2938 1775 3008 centro
1840 2919 2195 3032 apicibus
2280 2941 2579 3004 coeunt
2618 2979 2648 3025 ‚
2725 2942 2809 3008 et
2908 2915 3038 3006 le·

352 3051 684 3137 viffime
750 3065 1079 3132 tantum
1149 3048 1587 3134 conniuent
1628 3110 1656 3155 ‚
1750 3066 1849 3134 vt
1926 3068 2189 3161 partes
2256 3055 2355 3140 ad
2456 3049 2769 3135 fruetus
2868 3051 3038 3135 {br-

351 3179 824 3267 mationem
889 3176 1379 3283 pertinentes
1444 3192 1719 3280 tegant
1767 3237 1792 3282 ,
1854 3202 2210 3287 quar-um
2274 3178 2610 3262 stamina
2670 3184 2820 3266 vix
2890 3200 3036 3290 per

348 3310 673 3393 rimam
736 3304 834 3384 se·
874 3298 1296 3411 aliquanto
1345 3303 1900 3409 conspicienda
1962 3302 2357 3410 praebent.

648 3559 753 3649 In
821 3566 1051 3650 icone
1094 3565 1215 3649 ad
1270 3543 1639 3673 plantam
1703 3535 2019 3647 ficcam‘-
2074 3545 2271 3644 sista
2381 3548 2649 3667 ρὶἐὶοι·
2751 3556 2963 3670 pilos
3004 3620 3032 3665 ,

351 3691 440 3780 in
503 3689 649 3777 illa
715 3719 1108 3806 perquam
1217 3691 1619 3777 euidentes
1655 3748 1680 3788 ‚
1774 3714 1940 3775 non
2048 3686 2449 3797 expressit.
2645 3680 3026 3778 Similem

348 3819 722 3937 plantam
793 3820 1143 3933 poffideo
1181 3880 1207 3924 ,
1307 3821 1394 3902 in
1457 3820 1743 3940 eodem
1805 3817 1990 3902 ioco
2054 3810 2354 3902 leflam
2398 3876 2422 3918 ‚
2517 3812 2797 3901 multo
2860 3814 3024 3901 hu·

348 3950 783 4038 ini‘liorem
842 3969 931 4034 et
984 3946 1399 4033 obscurius
1462 3948 1885 4048 viridem,
1979 3943 2247 4050 lvirgis
2310 3940 2798 4042 dilutiffime,
2858 3949 3027 4032 firs-

347 4081 472 4165 cis
516 4137 543 4182 ‚
603 4095 686 4162 et
749 4078 1021 4164 minus
1076 4076 1472 4174 ramosis„
1637 4073 1792 4164 Sed
1852 4073 2334 4163 differentias
2398 4066 2602 4157 alias
2653 4072 3026 4182 detegere

344 4233 520 4299 non
581 4205 837 4294 licuit.
1810 4235 1813 4238 ·
2257 4215 2264 4256 ³
2317 4251 2320 4256 ·

1654 4459 1881 4555 Ma
2685 4407 3012 4553 “sol-
