4414 5652
1006 430 2253 528 1NcoMPLETAE
2902 459 3027 558 a,

598 760 601 763 ,
663 620 803 753 Ab
869 662 1162 769 lenisea
1222 664 1324 751 ad
1388 659 1675 750 Lenem
1731 681 1983 779 Vsque
2041 638 2400 755 fluuium
2455 682 2542 757 et
2599 669 2688 759 in
2722 672 3031 767 Trans-

347 792 806 914 baiealensbs
862 800 1243 902 regiones
1336 814 1583 903 Vsque
1618 851 1651 901 ‚
1744 782 1849 885 ad
1943 795 2164 906 lacus
2257 816 2345 887 et
2445 800 2706 892 fbntoe
2796 809 3032 898 altos

347 927 636 1039 paffim
698 926 1116 1063 prouenit.
3103 931 3112 941 ‘

657 1119 1019 1205 Varietas
1059 1106 1126 1226 j.
1188 1137 1237 1197 a
1302 1110 1433 1202 Cl.
1508 1111 1980 1203 LERCHE
2084 1116 2599 1231 Astrachania
2687 1125 2787 1211 ad
2887 1153 3030 1219 me

337 1245 792 1339 transmiffi
852 1246 1039 1352 est,
1108 1241 1325 1330 nibil
1388 1247 1566 1331 fitne
1627 1240 1985 1354 diuersa,
2019 1271 2271 1361 quam
2335 1248 2551 1337 soliis
2613 1252 3028 1365 aliquanto

178 1462 183 1471 .
338 1375 851 1466 breuioribus
983 1371 1269 1460 Aliam
1332 1372 1696 1485 plantam
1765 1378 1859 1464 F
1836 1398 1947 1499 lg
2018 1405 2102 1464 2.
2183 1380 2281 1463 ad
2378 1383 2654 1493 ripam
2716 1385 3026 1470 elatam

339 1506 704 1619 Wogae,
762 1506 900 1592 cui
964 1507 1244 1612 nigrae
1300 1527 1757 1612 cognomen
1834 1506 2012 1611 est,
2111 1494 2474 1616 lectam,
2572 1511 2794 1596 idem
2883 1513 3026 1597 vit

341 1634 466 1725 Cl.
530 1659 862 1731 mecum
924 1635 1561 1724 communicauit
1624 1633 1764 1722 sub
1842 1636 2180 1721 nomine
2283 1633 2602 1747 plantae
2696 1620 3026 1748 ignotae

333 1765 643 1853 semine
706 1766 998 1852 vnico
1001 1822 1029 1869 ‚
1089 1762 1426 1877 capsulis
1490 1762 1859 1851 bifariam
1925 1759 2378 1872 hiantibus»,
2436 1789 2640 1876 quae
2703 1791 2751 1852 a
2811 1784 3024 1853 mox

329 1891 718 1981 recensita
784 1896 1173 1980 varietate
1212 1886 1275 2006 j.
1343 1919 1508 1980 non
1564 1896 1886 1980 differre
1950 1892 2297 1982 videtur.
2434 1893 2739 1983 Nullae
2835 1895 3022 2006 qui·

325 2023 528 2108 dem
585 2022 888 2109 florum
948 2012 1302 2110 bracteae
1365 2026 1998 2134 conspiciuntur,
2031 2023 2159 2109 sed
2223 2030 2597 2136 squamae
2664 2040 3019 2130 tantum,

324 2169 416 2236 et
500 2152 719 2240 inter
799 2150 945 2237 has
1013 2155 1318 2239 semina
1404 2159 1871 2243 membrana
1971 2154 2106 2244 sua
2203 2153 2494 2241 cincta.
2660 2153 3021 2241 Videtur

322 2278 717 2364 flosculos
781 2277 1112 2392 prorsus
1190 2281 1340 2361 effe
1437 2280 1789 2388 delapsos
1829 2343 1856 2385 ‚
1918 2299 2003 2363 et
2068 2279 2436 2391 plantam
2521 2280 2678 2369 effe
2776 2278 3020 2368 valde

318 2406 694 2492 adultam
733 2469 759 2514 ,
827 2422 973 2490 aut
1034 2406 1253 2515 quod
1320 2404 1853 2489 verisimilius
1914 2408 2077 2509 est,
2142 2405 2511 2495 flosculos
2573 2406 2725 2488 effe
2773 2394 3021 2517 ‘ape-

322 2535 532 2623 talos
569 2598 597 2640 ‚
659 2534 869 2646 quod
932 2532 1033 2616 de
1092 2529 1182 2616 K
1180 2529 1290 2617 ali
1326 2529 1561 2641 soliis
1628 2529 1996 2618 Linariae
2052 2531 2447 2644 tomentqlb
2477 2527 3020 2621 BVXBAV-

318 2660 621 2750 MIVS
687 2661 922 2749 Cent.
984 2657 1055 2743 Ι.
1126 2685 1208 2771 p.
1290 2660 1436 2743 10:
1508 2656 1935 2744 obseruafle
2008 2658 2364 2746 videtur.
2524 2661 3014 2752 Admodum

316 2775 698 2905 profesto
761 2812 1050 2875 manca
1113 2786 1224 2873 est
1287 2784 1588 2873 harum
1655 2789 2124 2899 plantarum
2190 2786 2563 2897 historia,
2598 2810 2685 2875 et
2750 2791 3015 2881 multa

314 2922 888 3008 emendatione
948 2940 1156 3028 opus
1213 2913 1476 3003 habet.
1610 2914 2001 3031 Reliquae
2056 2934 2336 3002 autem
2436 2918 2756 3029 plantae
2857 2946 3015 3008 va-

311 3053 633 3138 rietatis
675 3040 736 3162 j,
810 3045 1174 3133 flosculos
1233 3044 1491 3132 adhuc
1553 3053 1848 3151 gerunt
1903 3045 2200 3131 albidos
2239 3110 2269 3156 ,
2326 3048 3008 3158 membranam-1:08,

309 3200 400 3267 et
470 3182 707 3293 supra
780 3177 1161 3289 quinque·
1235 3175 1783 3286 appendiculis
1878 3176 2157 3260 auctos
2197 3237 2225 3282 ,
2321 3199 2525 3286 quae
2628 3176 3024 3266 medium'

308 3306 557 3392 floris
618 3305 1004 3389 claudunt
1044 3363 1071 3404 ‚
1131 3302 1475 3412 adeoque
1542 3325 1877 3407 germen
1922 3364 1949 3406 ,
2008 3306 2225 3408 quod
2293 3306 2380 3384 in
2445 3303 2692 3384 fundo
2772 3301 3004 3388 floris

307 3431 780 3537 delitescit,
842 3445 1308 3534 contegunt.
1471 3425 1725 3511 Ninil
1796 3425 2147 3510 similius
2206 3422 2319 3509 est
2359 3485 2386 3528 ,
2483 3447 2733 3536 quam
2808 3424 3007 3518 haec

304 3559 605 3674 planta
657 3554 1236 3668 camphoratne
1301 3551 1677 3640 hirsutae.
1761 3552 1918 3638 Pili
1987 3570 2259 3636 tamen
2293 3545 2686 3637 foliorum
2723 3558 3006 3644 multo

307 3690 721 3782 breuiores
784 3689 1032 3794 sunt,
1074 3706 1239 3768 nec
1319 3679 1517 3767 folia
1595 3682 1681 3770 in
1779 3681 2256 3772 summitate
2344 3705 2495 3793 per
2589 3682 3040 3775 fisciculoe*

307 3816 766 3932 dispofita,
829 3816 958 3903 sed
1020 3811 1358 3906 alterna.

443 4027 601 4112 70.
668 4003 1193 4094 SA-LSOLA
1253 4003 1481 4110 caule
1540 3959 1982 4109 fruticoso,
2040 4001 2256 4091 foliis
2324 3999 2729 4110 subulatiS,
2806 4002 2993 4094 hir·

697 4137 923 4245 sutis»,
956 4133 1290 4221 floribus
1323 4135 1693 4224 medium
1732 4138 2005 4221 versus
2039 4132 2377 4225 villosis,
2412 4133 2607 4221 Tab.
2646 4133 2988 4226 XVIII.

705 4266 849 4379 fig.
924 4292 1000 4357 1

440 4521 1408 4618 Flor.sib1·r.T0m.111.
1920 4519 2067 4610 M
2716 4519 2988 4618 Radix
3097 4481 3104 4490 ’
