4414 5652
1402 408 1520 491 a
2130 333 3361 492 ιΝςοΜΡιέτΑΕ

1392 652 1651 745 opere
1711 625 2078 719 exstanti.
2210 630 2520 720 Differt
2614 648 2891 718 autem
2992 626 3152 719 hoc
3248 651 3503 738 genus
3597 653 3643 717 a
3746 630 4076 756 Daphne

1395 762 1702 850 semine
1765 765 1991 849 nudo
2028 821 2055 869 ,
2146 785 2193 847 a
2260 761 2637 873 Pcfflrina
2704 758 3037 852 LINN.·
3104 763 3576 849 staminibus
3638 764 3851 860 intra
3935 787 4078 855 tu·

1397 892 1631 978 bum.
1759 892 1981 982 Cum
2048 894 2434 1000 pafferina
2499 888 2866 980 TRAGI
2936 893 3326 977 conuenit
3363 952 3387 997 ,
3454 890 3653 977 licet
3727 878 4080 985 corollae

1395 1018 1832 1136 pafferinae
1895 1020 2395 1131 quadrifidae
2454 1039 2783 1105 tantum
2852 1015 3012 1103 fint
3051 1082 3075 1127 ,
3131 1039 3216 1104 et
3279 1020 3471 1106 osto
3536 1038 3856 1109 tantum
3927 1031 4081 1113 sta·-

1399 1150 1763 1237 minibus
1829 1150 2232 1263 praeditae
2279 1214 2305 1257 ‚
2375 1175 2566 1236 nam
2635 1150 2796 1236 hoc
2867 1149 2956 1232 in
3017 1149 3198 1235 lino
3242 1207 3269 1253 ,
3337 1154 3732 1253 gentianis
3770 1218 3797 1261 ‚
3851 1170 4085 1269 aipe-

1397 1278 1662 1385 tune,
1720 1281 2101 1370 vacciniis
2164 1278 2505 1392 aliisque
2565 1279 3028 1369 innumeris
3088 1277 3174 1363 in
3233 1280 3514 1361 eadem
3580 1284 3803 1393 saepe
3842 1282 4084 1371 herba

1286 1428 1307 1472 >
1397 1401 1872 1497 obser-natur
1911 1473 1938 1518 ,
2002 1425 2102 1496 vt
2165 1428 2453 1498 natura
2515 1410 2785 1520 digito
2849 1408 3116 1495 veluti
3202 1408 3594 1494 monstret
3636 1470 3661 1513 ,
3748 1434 4089 1529 propter

1401 1540 1809 1629 eiusmodi
1875 1541 2361 1628 differentias
2422 1562 2714 1651 genera
2774 1565 2936 1627 non
2999 1535 3166 1622 effe·
3214 1537 3741 1650 discerpenda.

1714 1731 1951 1849 Quae
2011 1732 2110 1818 de
2146 1736 2488 1819 .virtute
2554 1735 2867 1820 medica
2970 1731 3183 1820 olim
3283 1728 3556 1843 scripsi
3597 1790 3624 1836 ,
3722 1755 3816 1815 ea
3917 1734 4091 1816 iam

1398 1857 1755 1969 retracto
1774 1925 1799 1969 ,
1873 1850 2407 1969 vlterioribus
2469 1865 2999 1974 experientiis
3064 1881 3234 1949 tam
3312 1865 3515 1949 meis
3578 1883 3829 1973 quam
3894 1856 4097 1947 alie-

1354 1992 1532 2076 .nis
1574 2053 1601 2097 ‚
1667 1993 1971 2079 certior
2036 1992 2317 2079 fastus,
2429 1988 2665 2077 Inter
2727 1996 3048 2081 summe
3111 1992 3437 2080 drastica
3505 1992 4099 2078 medicamenta

1360 2115 1869 2207 -collocanda
1931 2121 2042 2238 ,⁰st
2107 2124 2340 2208 radix
2376 2184 2405 2229 ,
2467 2126 2705 2208 cuius
2771 2127 2925 2209 vix
2986 2122 3415 2225 duodecim
3479 2145 3726 2230 grana
3763 2119 4101 2234 homini

1396 2249 1732 2337 robusto
1792 2247 2147 2336 aliarum
2212 2254 2653 2362 regionum
2717 2253 3159 2364 propinare
3208 2254 3620 2338 auderem.
3745 2245 4103 2337 Sursum

1350 2389 1492 2461 ,ετ
1547 2378 1923 2463 deorsum
1992 2400 2318 2491 purgat.
2447 2381 2771 2472 Sibirici
2838 2398 3119 2481 autem
3206 2378 3573 2465 hominis
3671 2380 4105 2465 ventricu-

1352 2500 1539 2589 „lus
1598 2506 1697 2603 ad
1761 2506 2241 2597 drachmam
2307 2509 2741 2593 dimidiam
2805 2518 2890 2583 et
2948 2504 3156 2601 duos
3229 2497 3678 2611 scrupulos.
3761 2505 4099 2615 perfert.
4261 2583 4270 2589 .

1268 2696 1279 2713 *f
1397 2631 1543 2717 An
1611 2653 1659 2714 a
1720 2628 2370 2740 fiequentiffimo
2428 2629 2762 2744 spiritus
2822 2631 3223 2718 frumenti
3303 2624 3534 2718 vsu?
3632 2633 3883 2726 Forte
3985 2632 4102 2723 fi-

1342 2861 1349 2870 ,
1394 2756 1582 2854 bras
1646 2754 2089 2849 ventriculi
2151 2756 2482 2847 indurat
2545 2778 2631 2868 et
2691 2756 3093 2862 insensiles
3122 2752 3126 2765 ”
3160 2759 3371 2848 facit.

1537 2952 1690 3034 16.
1754 2946 2544 3054 ATRAPHAXIS
2604 2952 2860 3040 ramis
2921 2950 3296 3068 spinofi5‚
3358 2948 3697 3041 LINN.
3759 2953 3834 3050 b.
3873 2954 4095 3078 C'lg'ff.

1799 3093 2012 3185 138.
2080 3079 2224 3198 Sp.
2268 3084 2384 3199 pl.
2447 3082 2531 3174 Ι.
2577 3099 2665 3200 p.
2741 3101 2964 3189 475.
3031 3109 3105 3172 n.
3179 3109 3260 3172 1.
3318 3082 3591 3171 ROY.
3656 3102 3793 3200 pr.
3863 3115 4100 3194 209.

1912 3271 2288 3391 Atriplex
2367 3273 2787 3365 orientalis
2840 3338 2867 3384 ‚
2931 3271 3232 3389 frutex
3305 3273 3700 3364 aculeatus
3775 3338 3800 3382 ,
3878 3278 4102 3391 flore

2025 3403 2379 3521 pulchro,
2444 3403 2890 3495 TOVRN.
2938 3406 3124 3494 Cor.
3173 3415 3318 3508 38.
3365 3403 3715 3491 BVXB.
3752 3402 3975 3495 Ceut.
4015 3407 4100 3497 Ι.

2031 3544 2123 3639 p.
2201 3552 2341 3626 19.
2414 3528 2614 3612 Ταῦ.
2650 3523 2970 3622 XXX.
3012 3529 3328 3616 DILL.
3361 3528 3584 3616 Elth.
3633 3550 3789 3633 47.
3828 3548 3895 3618 t.
3938 3554 4104 3644 40.

2016 3650 2107 3764 f·
2174 3666 2329 3755 47·

1708 3837 2026 3931 Omnia
2085 3843 2587 3940 conueniunt
2680 3868 2890 3952 cum,
2979 3843 3513 3966 descriptione
3607 3849 4098 3946 exaltisfimi

1409 3971 1881 4071 DILLEN
1886 3973 1977 4061 11
2010 4035 2041 4082 ‚
2094 3976 2522 4089 ‚inprimis
2611 3972 2676 4061 fi
2777 3975 3259 4084 fii-usturam
3358 3982 3665 4081 florum
3764 3987 4094 4099 spectes.

1410 4107 1571 4203 Sed
1633 4102 1826 4196 folia
1891 4100 2170 4191 multo
2232 4109 2415 4194 sunt
2477 4107 2954 4196 rotundiora
2994 4171 3022 4218 ‚
3080 4133 3169 4200 et
3225 4114 3645 4225 spinarum
3711 4118 3864 4202 vix
3942 4142 4103 4204 ve·

1413 4239 1756 4348 ssigium
1814 4232 2357 4351 deprehendas
2396 4298 2424 4345 ‚
2487 4236 2640 4327 nifi
2691 4239 3200 4329 vetustarum
3255 4261 3350 4331 et
3406 4248 3613 4336 sorte
3725 4247 4102 4358 superio·

1411 4370 1535 4466 tis
1592 4371 1812 4462 anni·
1940 4367 2087 4461 An
2148 4385 2580 4502 maturum
2635 4369 2832 4469 anni
2893 4391 3283 4494 tempus,
3349 4374 3442 4474 in
3545 4397 3716 4492 quo
3807 4374 4102 4490 planta

2036 4539 2041 4546 ,
2441 4527 2478 4538 -·
3143 4565 3161 4580 .
3820 4499 4101 4594 obsa-
