4414 5652
1352 453 1537 542 „4
2012 409 3350 525 cAL1chLoRAE.

1864 659 2328 774 Grofficlaria
2391 656 2784 773 multiplici
2842 658 3056 745 acino
3120 653 3180 751 s.
3265 670 3402 735 mn
3474 646 3768 766 spinosa
3834 639 4022 740 hor:

1683 841 1686 845 “
1973 791 2202 902 {cifis
2273 789 2574 898 rubra,
2637 789 2728 877 Β.
2792 790 2951 901 pin
3019 797 3231 887 435
3520 820 3528 829 .

1859 917 2107 1007 Ribes
2172 920 2493 1029 vulgare
2553 915 2904 1025 uvidum,
2966 910 3321 1002 BAVH.
3388 907 3560 1050 hist.
3639 936 3720 991 2
3770 925 3858 1027 Ρ
3925 933 4016 1014 «7

1965 1084 2033 1207 3.
2098 1037 2412 1180 Eadem
2476 1091 2679 1204 flore
2743 1111 2828 1177 et
2894 1090 3167 1177 fructu
3232 1089 3586 1176 minore.
3737 1091 3752 1104 ’

1500 1335 1509 1342 .
1644 1264 1754 1354 In
1816 1262 2054 1352 omni
2116 1260 2428 1352 Sibiria
2490 1287 2891 1375 nusquam
2964 1286 3130 1347 non
3187 1259 3512 1346 obuiam
3579 1262 3713 1349 est.

1626 1433 1691 1556 3.
1758 1440 1901 1528 Est
1964 1437 2399 1526 fruticulus
2464 1438 3031 1588 semipedalis,
3094 1435 3580 1522 dodrantalis
3641 1454 3727 1522 et
3776 1429 4023 1550 peda-

1353 1568 1496 1657 lis
1502 1569 2056 1683 aliquousque
2124 1574 2711 1683 procumbens,
2755 1571 3016 1676 virgis
3082 1573 3441 1674 surgens,
3480 1553 3631 1651 vix
3694 1567 4074 1655 colum·-

1356 1701 1643 1787 binum
1704 1699 2117 1786 calamum
2186 1702 2777 1810 aequantibuS,
2859 1719 3155 1808 parum
3228 1694 4025 1811 ramofis,s1mpli·

1348 1829 1574 1914 cibus
1616 1890 1641 1934 ,
1704 1827 2008 1914 duabus
2072 1847 2217 1911 aut
2284 1829 2536 1914 tribus
2600 1853 2708 1912 ex
2793 1829 3076 1912 eadem
3167 1829 3394 1910 tenui
3497 1827 4015 1915 transuerfim

1350 1976 1681 2069 repente
1742 1957 2005 2041 radice
2070 1958 2602 2066 surgentibus.
2706 1957 2938 2046 Folia
3003 1958 3337 2065 superne
3399 1941 3661 2040 sature
3726 1959 4023 2045 viridia

1343 2089 1670 2195 egregie
1731 2086 2142 2198 splendent
2181 2151 2207 2194 ‚
2266 2088 2485 2197 quasi
2553 2090 2882 2170 vernice
2943 2086 3288 2171 obducta
3345 2083 3623 2170 essent.
3740 2085 4021 2175 Flores

1343 2238 1601 2329 quam
1664 2215 2033 2326 vulgaris
2097 2217 2456 2302 minores
2496 2278 2523 2324 ‚
2600 2241 2646 2298 e
2751 2213 3119 2310 violaceo
3216 2203 3518 2300 sordide
3619 2221 4021 2330 purpurei

1348 2347 1520 2432 oris
1589 2341 2049 2456 petalorum
2114 2347 2420 2434 sordide
2479 2341 2944 2433 albentibus
3078 2345 3431 2433 Frue'tus
3495 2345 3800 2431 dicitur
3874 2345 4024 2432 effe

1355 2474 1681 2564 dulcior
1743 2502 1835 2563 ac
1903 2477 2142 2563 Ribes
2205 2478 2406 2563 tolio
2468 2473 2740 2558 olente
2799 2494 2883 2556 et
2946 2479 3239 2559 minor.
3374 2474 3737 2559 Varietas
3800 2469 3848 2584 3.
3923 2478 4025 2562 ad

1353 2608 1611 2691 fontes
1668 2600 2070 2699 Katschae
2129 2600 2217 2686 fl.
2288 2603 2372 2683 in
2444 2600 2791 2682 abietina
2849 2600 3062 2684 silua·
3115 2599 3448 2686 collecta
3489 2605 3637 2690 est.

1482 2791 1501 2822 ²
1654 2771 2005 2859 Frue'tus
2066 2768 2636 2856 rudimentum
2707 2770 2790 2853 in
2889 2769 3164 2882 planta
3244 2769 3382 2856 vel
3445 2768 3787 2853 florente
3880 2773 4028 2858 ad-

1352 2899 1521 2984 huc
1584 2926 1749 2986 non
1849 2900 2111 2987 viride
2142 2961 2167 3008 ,
2243 2900 2373 2986 sed
2471 2899 2813 2986 rubrum
2855 2957 2880 3005 ‚
2977 2924 3023 2981 a
3123 2897 3454 3003 vulgari
3556 2893 4024 2981 notabiliter

1355 3028 1646 3114 diflert.
1706 3048 1717 3053 ’
3791 3046 3805 3065 ·

1611 3200 1860 3289 Ribes
1926 3207 2189 3294 ramis
2228 3202 2600 3293 aculeatis
2668 3201 3114 3290 lateralibus
3150 3202 3474 3312 frusta,
3540 3195 3770 3288 rubro
3828 3198 4015 3288 dulci

1345 3334 1610 3422 minori
1655 3331 1908 3465 ,fere
1958 3327 2446 3451 grqfflelariae
2535 3334 2863 3446 spinosae
2928 3332 3239 3443 satiuae
3317 3330 3569 3455 solio.
3645 3330 4015 3439 Obuth

1348 3462 1559 3547 mihi
1628 3483 1846 3545 trans
1913 3448 2299 3549 Baicalem
2361 3459 2575 3544 haud
2648 3460 2932 3571 procul
3000 3457 3330 3562 Vdini0‚
3397 3483 3600 3569 quae
3678 3459 4013 3547 STEL-

1351 3590 1671 3677 LERO
1738 3587 2027 3699 procul
2094 3592 2275 3672 inde
2341 3591 2425 3671 in
2498 3590 2885 3672 montosis
2952 3587 3169 3670 lacus
3252 3519 3596 3674 B’aicalis
3687 3587 4014 3679 obuiam

1349 3714 1569 3803 faeta
1612 3717 1792 3818 est,
1857 3716 2060 3824 quae
2127 3712 2290 3799 fine
2356 3717 2606 3800 dubio
2670 3743 2881 3803 noua
2944 3720 3050 3827 sp
3072 3719 3228 3799 cies
3293 3720 3448 3823 est,
3507 3741 3754 3829 quam
3816 3741 4016 3803 vero

1350 3872 1514 3933 non
1577 3845 1690 3930 ita
1756 3867 1908 3951 cog
1915 3844 2146 3945 noui,
2187 3865 2285 3930 vt
2340 3846 2795 3933 distindtam
2860 3847 3032 3930 eius
3092 3847 3354 3932 ideam
3418 3845 3792 3954 habeam,
3826 3845 4038 3932 hinc

1346 3993 1437 4059 et
1503 3998 1959 4087 proponere
2023 3970 2241 4062 nolo.
2959 4016 2962 4019 ·

1500 4170 1634 4232 10.
1709 4141 2319 4235 MESPILVS
2384 4079 2596 4237 soliis
2656 4153 2924 4237 ouatis
2992 4153 3538 4264 integerrimis
3580 4217 3604 4259 ‚
3677 4144 4011 4238 LINN.

1738 4271 1817 4355 h.
1890 4273 2101 4389 CBff.
2183 4281 2527 4390 189.fl.
2575 4300 2777 4389 suec.
2857 4295 3076 4384 438.
3143 4283 3420 4368 RoY.
3500 4282 3744 4396 Lugd.
3807 4304 4013 4383 271.

1742 4404 2081 4494 HALL.
2143 4404 2349 4497 helv.
2427 4435 2636 4514 352.
2689 4421 2894 4526 spec.
2969 4435 3045 4495 1.
3127 4437 3269 4493 12.
3342 4432 3431 4515 7.

3735 4538 4020 4625 Conto-

3916 4737 3966 4753 Q
