4414 5652
1426 371 1614 455 132
2090 274 3404 445 Fva'r·1r1.oRA.E.

1944 578 2532 687 Pen‘cb‘menmn
2589 575 2875 666 rectum
2962 574 3228 684 fruare
3323 573 3657 665 caeruleo
3697 611 3750 686 ,2
3785 575 4103 675 CLVS.

2063 709 2300 796 Pann.
2356 725 2443 822 p.
2523 719 2571 796 ,8
2590 726 2672 807 5.
2739 705 2806 793 1.
2873 707 2970 793 Β.
3053 735 3089 789 1
3109 733 3164 791 0
3182 719 3256 795 8.

1938 837 2529 939 Pert’cbmenum
2595 834 2885 922 rebium
2952 833 3552 944 111CLvs.
3620 838 3728 925 Η.
3797 858 3843 939 5
3866 850 3939 925 8.

1933 962 2580 1074 Chamaecerasus
2645 973 2996 1051 montana
3030 900 3328 1076 srt’dlu
3339 966 3715 1088 singulari
3747 967 4104 1077 caerulea,

2069 1093 2169 1181 B.
2209 1092 2406 1177 Ρί.η
2478 1112 2691 1196 451.
2763 1090 3202 1180 TOVRN.
3282 1118 3366 1176 ι.
3432 1098 3535 1184 R.
3598 1098 3707 1185 Η.
3780 1107 3998 1200 609.

1950 1221 2326 1311 Lonicera
2363 1219 2941 1335 peduncuBrt
2862 1219 3222 1332 bifloris,
3300 1220 3765 1331 bibbinus,
3863 1225 4100 1315 bacca

2012 1348 2393 1461 fingulari
2446 1347 2740 1462 globeffa
2800 1351 3326 1462 integerrima,
3375 1351 3642 1441 ROY
3701 1369 3834 1468 pr.
3883 1383 3931 1439 2
3951 1378 3996 1456 3
4008 1381 4095 1458 9.

1920 1519 2421 1637 Caprisolium
2454 1518 2794 1631 floribus
2842 1522 3234 1633 geminis,
3267 1517 3533 1631 fhliis
3565 1521 3774 1640 longe
3869 1518 4088 1636 ellip-

2062 1652 2246 1736 ucis
2284 1712 2311 1762 ,
2375 1649 2694 1762 neruofis
2733 1707 2763 1757 ,
2851 1650 3187 1808 HALP.
3253 1646 3491 1735 Helv.
3562 1661 3745 1774 465
3774 1708 3794 1730 .
3857 1672 3935 1733 n.
4012 1673 4063 1751 3

1466 1959 1473 1966 ,
1723 1886 1878 1975 Per
1941 1902 2288 1966 omnem
2349 1857 2734 1969 Sibirt‘am
2787 1895 2872 1964 et
2934 1878 3024 1968 K
3023 1874 3567 1982 amsi-batham
3632 1898 3891 1989 Vsque
3955 1903 4098 1964 na·

1405 2013 1657 2109 stitur
1687 2075 1715 2126 ,
1777 2012 2045 2123 syluas
2102 2008 2519 2140 aliquanto
2576 2009 2982 2100 montosas
3043 2032 3344 2095 amanS.

1709 2244 1930 2364 Quia
1991 2238 2233 2327 flores
2298 2243 2765 2355 praecocius
2829 2242 3166 2356 reliquis
3231 2237 3487 2325 huius
3528 2240 3855 2347 'generis
3913 2238 4100 2350 spe·

1421 2370 1727 2483 ciebus,
1788 2395 1870 2460 et
1935 2367 2075 2456 vel
2135 2369 2300 2481 ipsa
2363 2367 2449 2455 in
2509 2370 2813 2461 Sibiria
2880 2374 3115 2462 Maio
3171 2370 3439 2456 mense
3502 2370 3673 2453 iam
3727 2374 4037 2481 profert
4073 2428 4106 2475 ,

1414 2525 1567 2587 nec
1633 2502 1921 2588 hortos
1985 2500 2363 2582 multum
2425 2500 2814 2603 ingressus
2877 2502 3021 2604 est,
3083 2499 3360 2582 frutex
3419 2522 3580 2581 non
3650 2497 3882 2583 valde
3915 2494 4100 2581 ille-

1414 2631 1661 2742 pidus
1700 2688 1726 2740 ,
1823 2623 2258 2735 descriptio
2351 2623 2528 2705 eius
2627 2625 2942 2708 multos
3037 2621 3301 2713 adhuc
3386 2626 3697 2738 patitur
3764 2627 4032 2710 hiatus
4072 2688 4101 2733 ‚

1416 2777 1623 2869 quos
1683 2753 2058 2842 resarcire
2129 2772 2505 2839 meatum
2571 2757 2938 2867 partium
2998 2754 3150 2839 effe
3233 2754 3465 2841 duxi.
3627 2754 4110 2843 Altitudine

1411 2885 1630 2966 inter
1696 2880 2328 2995 sesquicubitum
2391 2900 2478 2966 et
2544 2879 2999 2968 humanam
3068 2883 3453 2965 staturam
3515 2880 3821 2965 variat.
3869 2877 4109 2965 Cum

1409 3011 1792 3124 primum
1858 3006 2079 3094 folia„
2117 3005 2434 3091 emittit
2477 3068 2506 3112 ,
2574 3008 2787 3093 rami
2851 3005 3230 3114 nouem,
3338 3004 3624 3117 petioli
3690 3026 3774 3092 et
3839 3007 4111 3117 postea

1415 3140 1671 3223 etiam
1740 3130 2248 3250 pedunculi‚
2325 3135 2552 3244 quin‘
2590 3154 2674 3220 et
2740 3134 2902 3245 ipsa
2964 3132 3155 3219 folia
3213 3132 3454 3219 valde
3521 3129 3830 3221 hirsuta
3895 3135 4108 3224 sunt.

1404 3262 1511 3354 ln
1621 3267 1875 3352 ramis
1930 3259 2116 3372 «pili
2232 3260 2665 3347 hirsutiam
2727 3260 3162 3365 efficiunt,
3255 3261 3345 3344 in
3406 3261 3606 3345 locis
3675 3263 4106 3378 praecipue

1402 3392 1630 3497 ficeis
1692 3395 1895 3481 adeo
1956 3386 2213 3496 rigidi
2279 3390 2630 3476 euaduut
2669 3447 2698 3494 ,
2790 3405 2892 3474 vt
2952 3389 3354 3496 tangenti·
3419 3390 3730 3475 sensum
3830 3394 4102 3504 spina-

1404 3549 1604 3610 rum
1671 3527 1857 3606 fere,
1900 3518 2432 3631 imprimant.
2625 3511 2861 3601 Folia
2924 3515 3014 3601 in
3075 3516 3398 3605 iuniore
3478 3516 3683 3602 statu
3765 3520 4100 3609 vnciam

1391 3650 1582 3765 plus
1649 3649 1925 3731 minus
1983 3643 2295 3750 longa,
2354 3659 2597 3728 onata
2659 3644 2915 3750 sunt,
2975 3645 3196 3760 saepe
3253 3642 3811 3756 obtufiffima,
3891 3651 4065 3735 iae·

1392 3803 1502 3890 pe
1563 3775 1981 3885 aliquanto
2050 3790 2597 3879 mucronata,
2685 3772 2815 3857 vti
2883 3773 2968 3855 in
3055 3775 3316 3889 priori
3415 3777 3740 3889 specie,
3841 3777 4092 3892 supra

1404 3901 1842 3990 laetiffime
1940 3898 2312 4005 viridia,
2411 3899 2622 3986 infra
2737 3897 3105 4013 pallida,
3197 3906 3587 4035 vti-inque
3689 3928 4091 4021 perquam

1406 4029 1780 4136 hirsuta,
1847 4029 1929 4115 id
1988 4028 2207 4139 quod
2271 4027 2645 4137 maxime
2700 4029 2802 4114 ad
2862 4055 3042 4119 oras
3105 4004 3502 4121 foliorum
3554 4036 4093 4148 conspicuum
4151 4064 4166 4074 “

1407 4163 1589 4270 est,
1649 4159 1841 4273 quia
1908 4154 2061 4268 pili
2130 4158 2220 4251 in
2326 4132 2615 4245 eodem
2714 4155 2959 4270 plano
3052 4162 3379 4267 iacent,
3477 4189 3733 4276 quam
3831 4164 4092 4273 folia,

1408 4292 1627 4382 vnde
1689 4278 2209 4405 conspectum
2275 4286 2364 4375 in
2372 4273 2638 4382 disco
2696 4286 2875 4378 folii
2942 4292 3106 4385 fere
3170 4294 3571 4406 fugiunt,
3611 4291 3788 4385 nifi
3821 4314 4087 4379 atten-

3721 4422 4090 4513 tiffime
