4414 5652
1048 409 2374 550 ercrlrnoRAE
2591 545 2610 561 ,
2891 445 3074 540 ιη

871 643 933 769 j.
1010 652 1323 742 Eadem
1395 652 1710 770 pumila
1777 670 1866 738 et
1927 647 2134 739 flore
2197 657 2540 748 maiore.

891 783 1541 904 Pentaphylloides
1638 783 2101 897 tenuffoliunt
2176 788 2395 896 flore
2476 790 3078 912 purpurascente

1008 911 2388 1034 ampffori,STELL.Irc.1-23.
2468 951 2480 962 ·

682 1112 788 1201 In
850 1109 1607 1223 transbaicalerfibus
1666 1110 2137 1222 regionibus
2197 1136 2594 1226 nusquam
2664 1140 2828 1202 non
2926 1114 3073 1201 ob-

374 1244 620 1332 vium
686 1247 812 1334 est.
952 1240 1380 1331 Humilior
1447 1244 1724 1358 planta
1767 1307 1792 1352 ‚
1886 1262 2458 1356 praeterquam
2564 1247 2787 1358 quod
2877 1245 3071 1336 folia

367 1379 690 1486 parcius
758 1373 916 1462 sint
985 1376 1280 1481 diuisa,
1345 1393 1431 1484 ‘et
1496 1375 1720 1488 saepe
1788 1373 2069 1460 trifida
2136 1392 2514 1486 tantum,
2574 1377 2898 1490 semper
2959 1376 3071 1464 est

367 1507 578 1591 flore
636 1505 1097 1618 ampliori,
1197 1504 1315 1591 sed
1383 1525 1467 1590 et
1532 1510 1623 1591 in
1688 1503 2012 1592 elatiori
2081 1509 2474 1594 varietate
2510 1569 2540 1616 ‚
2637 1505 2774 1590 vbi
2832 1499 3071 1593 flores

368 1632 867 1749 plerumque
934 1642 1047 1724 ita
1115 1634 1354 1750 parui
1422 1641 1607 1723 sunt
1646 1697 1681 1748 ,
1770 1649 1869 1721 vt
1934 1636 2084 1723 vix
2150 1659 2195 1718 e
2255 1635 2526 1748 calyce
2587 1637 3001 1723 emineant
3043 1697 3073 1745 ‚

362 1766 457 1849 in
522 1771 930 1856 maiorem
989 1768 1629 1881 amplitudinem
1697 1792 1858 1854 non
1928 1791 2349 1881 nunquam
2415 1771 2907 1876 excrescunt,
2937 1767 3070 1855 vti

367 1900 753 1980 varietati
815 1903 1172 2008 contigit
1212 1964 1237 2008 ,
1324 1927 1531 2015 quae
1596 1902 1685 1987 in
1752 1900 1953 1987 flora
2016 1899 2391 2010 Ircutetfi
2443 1921 2579 1990 no.
2644 1926 2861 2001 424.
2932 1921 3069 1984 re·

358 2027 766 2108 censetur.
962 2030 1068 2114 In
1166 2049 1517 2147 Vtraque
1622 2057 1875 2147 porro
1941 2032 2338 2119 varietate
2394 2030 2547 2118 flos
2612 2024 3067 2142 plurimam

361 2173 698 2267 partem
798 2162 1393 2304 purpurascit,
1494 2163 1628 2247 sed
1719 2183 1806 2250 et
1907 2185 2073 2246 non
2166 2187 2357 2249 raro
2423 2146 2842 2249 'candidus
2932 2159 3066 2246 est.

362 2281 764 2372 Nascitur
828 2288 914 2370 in
978 2292 1217 2372 omni
1281 2288 1907 2402 transbaicalerfi
1964 2294 2366 2399 regione,
2428 2292 2699 2402 aspera
2758 2308 2848 2375 et
2909 2287 3071 2375 fic·

355 2440 460 2499 ca
522 2414 697 2503 loca
764 2440 1046 2501 amans
1087 2476 1115 2525 ,
1216 2415 1412 2506 licet
1464 2421 1693 2503 enim
1760 2440 2358 2529 nonnunquam
2420 2421 2675 2505 etiam
2734 2417 2836 2502 ad
2902 2416 3071 2507 flu-

360 2545 549 2632 vios
616 2565 1060 2657 occurrat,
1119 2548 1202 2632 id
1272 2545 1374 2633 fit
1434 2546 1520 2631 in
1587 2547 1793 2659 ripis
1854 2547 2412 2658 lapidosorum
2480 2548 2958 2635 fluuiorum.

675 2737 1007 2826 Mirum
1069 2736 1278 2824 hanc
1340 2737 1713 2851 plantam
1776 2743 1865 2828 in
1958 2740 2254 2830 horto
2314 2741 2810 2830 Academico
2898 2739 3066 2829 iam

349 2860 679 2952 multos
743 2880 992 2955 annos
1061 2873 1498 2983 quotannis
1563 2891 1944 2979 vegetam
2007 2877 2506 2990 prouenire‚
2569 2874 2700 2962 sed
2767 2873 2866 2961 ad
2899 2872 3063 2983 flo-

352 3018 566 3083 rum
624 3000 1147 3113 emiffionem
1198 3026 1365 3089 non
1431 3004 1891 3112 prouenit&
2062 3082 2076 3093 .

494 3205 653 3289 43.
724 3180 1109 3289 DRYAS
1172 3193 1671 3303 pentapetala
1709 3195 1922 3285 foliis
1961 3196 2362 3309 pinnatis,
2424 3186 2767 3282 LINN.
2801 3212 3061 3278 antaeo

220 3356 269 3411 0
753 3317 900 3401 nit.
967 3318 1402 3447 Academ{q.
1481 3345 1558 3402 2.
1596 3339 1675 3437 p.
1754 3343 1964 3425 353.
2035 3324 2267 3437 Spec.
2329 3336 2423 3407 ἰ.
2501 3343 2710 3424 501.
2789 3344 2872 3402 1.

663 3508 768 3596 In
834 3506 1396 3621 Kamtschatca
1461 3514 1651 3598 teste
1707 3511 2308 3603 LINNAEO.
2357 3514 2729 3600 nascitur.
2919 3510 3062 3598 Ad

347 3639 655 3731 Lenem
720 3664 935 3726 anno
1002 3659 1271 3743 1737.
1336 3666 1534 3727 cum
1615 3643 1976 3728 reditum
2056 3641 2567 3729 moliremur
2600 3706 2628 3750 ‚
2697 3641 3059 3730 [acaciae

348 3776 753 3887 proxime
813 3773 1139 3883 stquens
1202 3774 1496 3882 species
1581 3769 1847 3860 oblata
1946 3773 2117 3877 est,
2180 3796 2388 3887 quae
2451 3799 2649 3861 cum
2754 3772 3053 3883 pistori

350 3905 656 3990 tradita
721 3900 913 3988 effet
976 3904 1072 3988 ad
1134 3902 1765 4009 delineandum,
1866 3906 1965 3990 ab
2010 3900 2197 3990 alio
2268 3905 2415 4016 qui
2493 3907 2873 4014 viderat,
2966 3920 3056 3990 at

348 4035 539 4145 ipse
602 4034 1020 4117 inuenerat
1083 4037 1413 4119 eandem
1514 4028 1846 4119 herbam
1939 4035 2511 4145 oecopetalam
2547 4035 2782 4122 facile
2863 4062 3055 4147 per·

341 4162 630 4253 suasus
685 4161 872 4264 fuit,
934 4164 1011 4246 se
1073 4187 1442 4250 errorem
1510 4159 1598 4247 in
1664 4159 2141 4256 delineando
2198 4163 2485 4275 fecisse,
2537 4154 2896 4275 adeoque
2951 4163 3054 4250 ad

341 4293 615 4381 illum
722 4289 1351 4385 recteficandum
1445 4289 1703 4385 floris
1739 4292 2255 4412 pentapetalo
2312 4282 2508 4388 osto
2565 4292 2835 4418 petali
2898 4293 3051 4383 ad·

420 4422 661 4516 luxit.
2752 4493 2808 4527 „.

348 4451 417 4545 Ρ
1601 4553 1686 4642 Α
1720 4578 1767 4642 a
1836 4580 1891 4639 ο.
2150 4610 2157 4617 -
2882 4540 3053 4666 442
