4414 5652
1341 371 1522 462 1³42
2002 351 3328 450 FRVCT-IFL-ORAE.

1762 645 1767 652 -
1841 579 1908 672 1.
1985 583 2297 669 Eadem
2362 582 2749 674 altiffima
2783 649 2814 696 ,
2910 586 3143 699 spicis
3198 588 3467 677 ouati‘s
3561 604 3650 678 et
3742 587 4014 703 longis

1938 713 2436 819 cylindricis.

2063 896 2164 983 Pi
2167 897 2502 1010 mpinella
2565 898 2805 984 maior
2837 960 2864 1004 ‚
2956 887 3209 1005 rigida
3247 955 3273 1002 ,
3356 866 3733 1008 praealta⁸
3787 897 4008 983 auri-

2156 1029 2417 1114 culam
2460 1090 2487 1132 ,
2523 1027 2880 1139 sabauda
2919 1087 2944 1130 ,
3050 1024 3376 1112 BOCC.
3450 1023 3710 1108 MVS.
3776 1020 4006 1111 Part.

2176 1184 2257 1242 2.
2333 1182 2480 1257 19.
2551 1154 2994 1245 TOVRN.
3049 1155 3121 1244 1.
3182 1153 3294 1240 R.
3357 1152 3462 1237 H.
3539 1173 3741 1256 157.

1836 1344 1954 1432 11.
1997 1347 2341 1451 ⁸Eadem
2409 1347 2782 1435 altiffima
2848 1348 3082 1460 spicis
3144 1345 3455 1432 florum
3517 1341 4007 1453 conglome-

1935 1500 2517 1717 ratssimpinella
2571 1608 2822 1692 maior
2884 1606 2975 1692 H
2978 1605 3292 1720 ispanica
3359 1602 3616 1689 altera
3661 1705 3669 1724 Ι
3715 1602 4008 1713 conglo-

2196 1748 2496 1952 ’ἅπαξ
2534 1736 2757 1969 ezr-3
2784 1799 2807 1842 ,
2918 1738 3026 1820 H.
3090 1736 3194 1823 R.
3263 1735 3351 1832 P.
3417 1732 3863 1819 TOVRN.
3931 1732 4016 1822 Ι.Ἰ

1326 2135 1339 2144 ,
1622 2054 1835 2137 Tam
1911 2055 2184 2166 planta
2253 2055 2637 2142 naturalis
2678 2120 2701 2163 ,
2781 2081 3026 2169 quam
3111 2053 3527 2172 varietatis
3591 2051 3658 2138 1.
3726 2073 3811 2138 et
3871 2051 3996 2140 11.

1316 2179 1591 2265 omnis
1655 2180 2009 2270 Sihiriae
2074 2187 2494 2295 indigenae
2556 2187 2738 2271 sunt
2799 2187 3149 2297 plantae.

1619 2374 1718 2460 In
1788 2373 1858 2459 Ι.
1926 2375 2282 2462 altitudo
2358 2375 2696 2463 excellit
2791 2399 2878 2462 et
2975 2378 3166 2463 folia
3267 2374 3526 2481 rigida
3594 2376 3837 2482 sunt,
3906 2375 3997 2462 in

1311 2498 1601 2609 longos
1701 2503 1923 2588 lobos
2008 2508 2376 2587 cordatos
2413 2567 2441 2609 ,
2509 2503 3068 2614 pulcherrime
3138 2506 3477 2587 serratos
3517 2562 3544 2607 ‚
3621 2505 3992 2589 dentibus

1307 2631 1560 2720 serrae
1620 2633 1874 2714 acutis
1935 2632 2185 2715 diuisa
2242 2689 2268 2731 ,
2366 2636 2599 2740 supra
2689 2633 2948 2715 sature
3055 2628 3423 2727 viridia,
3527 2633 3728 2717 infra
3830 2640 3996 2720 fere

1304 2760 1644 2847 cinerea.
1769 2756 2017 2870 Saepe
2083 2762 2334 2844 etiam
2407 2759 2668 2875 veluti
2734 2755 3147 2845 auriculae
3224 2762 3402 2844 sunt
3458 2818 3483 2855 .
3583 2761 3750 2843 siue
3848 2766 3995 2848 sti-

1307 2888 1549 2995 pulae
1613 2892 1699 2979 in
1762 2910 2057 2973 exortu
2140 2889 2644 2996 petiolorum
2687 2950 2713 2993 ‚
2776 2891 3225 2975 autetiam
3296 2885 3642 2985 minima
3711 2884 3996 2972 foliola

1302 3017 1400 3101 ad
1468 3032 1856 3096 exortum
1931 3014 2424 3124 petiolorum
2495 3013 3120 3126 particularium
3233 3009 3627 3097 foliorum
3670 3074 3697 3114 ‚
3794 3019 3987 3121 qui-

1302 3139 1447 3257 bus
1538 3142 1956 3248 integrum
2042 3142 2338 3231 folium
2400 3147 3000 3256 componitur,
3100 3144 3220 3234 in„
3256 3139 3541 3250 quibus
3602 3142 3985 3227 omnibus

1304 3287 1581 3356 tamen
1677 3267 1992 3355 nullam
2090 3295 2402 3357 certam
2501 3274 3153 3378 constantemque
3253 3286 3585 3352 naturae
3709 3267 3980 3376 legem

1295 3404 1708 3487 obseruare
1767 3408 2127 3512 vnquam
2200 3405 2462 3512 potui.
2622 3398 3000 3510 Capitula
3069 3401 3483 3481 interdum
3565 3400 3979 3493 sesquiun-

1296 3535 1514 3613 ciam
1613 3526 1852 3632 longa
1898 3592 1923 3629 ,
1996 3522 2438 3611 ‘interdum
2539 3531 2812 3612 breuia
2857 3588 2881 3629 ‚
2984 3544 3226 3607 ouata
3270 3587 3292 3626 ‚
3356 3524 3601 3627 idque
3668 3529 3767 3641 iq
3819 3554 3978 3614 vna

1292 3655 1738 3761 cademque
1805 3651 2092 3759 planta.
2219 3656 2451 3768 ‚Quin
2513 3675 2599 3738 et
2661 3652 3108 3761 glomerata
3170 3651 3512 3766 capitula
3570 3681 3765 3739 cum
3817 3656 3973 3763 iia,

1293 3806 1500 3892 quae
1558 3784 1724 3864 iam
1794 3780 2213 3883 recensui,
2309 3801 2452 3866 aut
2513 3784 3112 3891 conglomerata
3175 3803 3261 3866 et
3317 3780 3662 3889 oblonga
3707 3847 3776 3891 ‚.
3830 3805 3977 3871 aut

1294 3911 1900 4021 conglomerata
1967 3929 2051 3993 et
2111 3929 2349 3995 ouata
2390 3977 2414 4018 ,
2479 3937 2643 3996 non
2708 3938 2900 3997 raro
2964 3909 3207 3995 fimul
3268 3935 3704 3998 eccur-runt
3752 3976 3776 4017 ‚
3873 3936 3971 4000 vt
4033 4018 4034 4021 w

1297 4034 1515 4154 nihil
1617 4038 2045 4147 prohibeat
2089 4099 2113 4142 ‚
2218 4067 2386 4151 quo
2497 4044 2773 4126 minus
2836 4065 3119 4124 omnes
3182 4039 3329 4125 hae
3396 4039 3709 4151 plintae
3768 4068 3971 4127 con-

1293 4172 1768 4273 iungantur.
1907 4169 2170 4252 Radix
2230 4160 2615 4255 omnium
2684 4174 3174 4255 varietatum
3251 4168 3540 4253 similis
3579 4234 3602 4268 ‚
3702 4192 3974 4257 recens
4029 4232 4042 4239 Ι

1293 4295 1793 4419 aliquamdiu
1860 4295 2204 4411 reposita
2248 4362 2271 4409 ,
2331 4298 2672 4386 retinam
2741 4300 3052 4385 luteam
3121 4302 3400 4412 sponte
3463 4301 3770 4386 fundit.-

2824 4474 2830 4481 ·
3638 4427 3970 4518 Rustico

2465 4690 2508 4705 m
