4414 5652
1378 396 1575 475 „4
1820 499 1824 506 ‚
2049 343 3372 476 FRVCTIRhoRAE:

1364 615 1637 711 pareat
1679 639 1731 706 ,ν
1775 598 2107 684 stamina
2174 594 2657 707 plerumque
2718 619 3064 704 quatuor
3104 669 3128 713 ,
3187 630 3375 691 raro
3434 610 3785 727 quinque
3824 682 3847 725 ‚
3911 647 4068 708 ra..

1369 729 1672 815 riffime
1736 729 1953 837 tria3
2014 750 2350 833 germen
2418 724 2600 810 flori
2669 725 3144 822 substratum
3186 800 3211 844 ,
3306 735 3750 851 oblongum
3793 814 3816 857 5
3921 757 4050 835 su..

1376 860 1683 972 periori
1742 879 2120 944 extremo
2187 854 2501 940 craffius
2544 917 2568 960 ‚
2634 877 2874 940 extus
2936 861 3221 950 foliolo
3280 876 3650 973 germine
3686 880 4050 990 aliquan-

1373 1007 1463 1073 to
1527 992 1887 1095 maiori,
1995 986 2291 1071 venoso
2333 1050 2357 1091 ‚
2463 982 2916 1097 persistente
2959 1052 2982 1094 ‚
3066 996 3549 1084 instructum
3619 1025 3703 1090 et
3760 1012 3846 1091 in
3916 1010 4051 1094 sti-

1325 1104 1553 1202 'l‘um
1619 1115 1974 1205 desinens
2035 1178 2058 1220 ‚
2123 1105 2591 1200 staminibus
2653 1134 2789 1198 aut
2847 1115 3259 1232 aliquanto
3322 1122 3786 1235 longiorem
3830 1200 3853 1243 ‚
3911 1154 4048 1220 aut

1369 1248 1785 1359 aequalem
1831 1310 1854 1353 ‚
1949 1267 2088 1330 aut
2196 1243 2437 1354 paulo
2507 1247 2968 1331 breuiorem
3012 1310 3035 1353 ‚
3138 1254 3505 1359 stigmate
3599 1268 4050 1369 praeditum

1368 1375 1877 1463 craffiusculo
1917 1439 1940 1481 ‚
2007 1379 2166 1460 fere
2236 1378 2593 1485 capitato
2636 1436 2660 1478 ‚
2725 1375 3040 1460 subinde
3101 1375 3397 1468 leuiter
3461 1388 3782 1476 sulcato.
3871 1398 4055 1479 An-

1374 1512 1649 1597 therae
1716 1506 1811 1590 ab
1876 1506 2121 1590 initio
2181 1505 2489 1590 erectae
2554 1503 2731 1587 sunt
2773 1567 2797 1610 ‚
2867 1525 3048 1588 tum
3117 1511 3682 1604 incumbentes.
3847 1523 4055 1608 Fru-

1374 1635 1543 1718 Ctus
1583 1698 1608 1740 ‚
1705 1641 1791 1718 in
1861 1659 2110 1742 quem
2175 1654 2518 1737 germen
2590 1626 3104 1742 maturatur,
3217 1641 3609 1750 oblongus
3673 1650 3842 1756 est,
3944 1677 4052 1737 ex

1374 1739 1623 1846 altera
1688 1745 1920 1870 parte
1980 1786 2127 1870 per
2190 1761 2789 1867 longitudinem
2851 1766 3187 1851 sulcatus
3224 1834 3249 1878 ,
3347 1795 3454 1856 ex
3560 1776 3813 1863 altera
3915 1801 4053 1866 aut

1228 1919 1231 1922 ¹
1372 1885 1652 1998 paullo
1717 1890 1993 1998 gibbus
2036 1951 2063 1999 ,
2122 1912 2261 1974 aut
2324 1892 2611 2001 planus
2650 1944 2708 1999 ‚-
2757 1895 3211 2008 ibidemque
3281 1900 3568 1990 foliolo
3629 1909 4053 1995 instruetus

1371 2023 1719 2105 ouoideo
1758 2083 1781 2125 ‚
1844 2019 2048 2103 infra
2116 2022 2403 2106 obtuso
2440 2087 2465 2129 ,
2531 2024 2766 2135 supra
2833 2023 3122 2109 leuiter
3192 2051 3677 2120 mucronato
3717 2100 3740 2143 ‚
3823 2038 4055 2128 valde

1371 2151 1671 2264 venoso
1715 2209 1738 2252 ‚
1799 2153 2008 2268 quod
2069 2172 2174 2232 eo
2237 2171 2610 2260 tempore
2651 2218 2676 2260 ,
2758 2159 3079 2262 quando
3136 2165 3494 2265 germini
3565 2167 3858 2251 tenello
3917 2194 4054 2251 ac-

1370 2279 1687 2363 cumbit
1737 2337 1762 2381 ‚
1856 2274 2212 2362 liberum
2284 2283 2545 2388 postea
2593 2346 2616 2388 ‚
2718 2287 3032 2390 quando
3095 2286 3298 2371 illud
3366 2292 3733 2379 increscit
3777 2361 3801 2404 ,
3903 2296 4052 2409 ipsi

1371 2402 1733 2493 firmiter
1796 2406 2402 2515 agglutinatum
2466 2411 2574 2494 est
2618 2473 2645 2515 ‚
2704 2412 2845 2495 sub
2914 2415 3210 2499 statum
3275 2419 3766 2506 maturitatis
3826 2425 4055 2510 deni·-

1372 2559 1529 2645 que
1594 2536 1864 2620 rursus
1930 2538 2261 2619 recedit.
2433 2533 2758 2636 Color·,
2816 2542 2959 2647 qui
3023 2542 3122 2622 ab
3187 2542 3439 2632 initio
3500 2572 3546 2629 e
3614 2552 3864 2638 viridi
3931 2553 4059 2637 lu·-

1373 2683 1546 2760 ttus
1607 2666 1719 2749 est
1755 2721 1779 2764 ‚
1841 2662 2190 2769 deniqne
2250 2682 2296 2740 e
2357 2662 2572 2754 fusco
2636 2662 2892 2760 albet„
3005 2669 3340 2759 Fructus
3399 2698 3801 2789 maturus,
3837 2688 4057 2796 quod

1368 2793 1664 2905 spectat
1722 2787 1820 2873 ad
1884 2787 2254 2876 colorem
2293 2851 2320 2893 ‚
2425 2790 2928 2885 cardamomi
2995 2821 3385 2908 putamen
3450 2809 3710 2890 refert
3880 2813 4060 2895 111-

1374 2920 1637 3015 cludit
1698 2937 1971 3033 autem
2041 2917 2466 3027 posteriori
2532 2923 2668 3007 sua
2735 2943 2959 3039 parte
3020 2929 3283 3013 semen
3344 2955 3387 3011 e
3421 2932 3667 3016 viridi
3704 2932 4056 3047 fuscum,

1369 3045 1960 3138 subtotundum
2005 3109 2030 3150 ,
2100 3047 2512 3154 vtrinquez
2555 3047 2889 3152 gibbum
2950 3071 3038 3137 et
3100 3056 3549 3171 depressum
3593 3121 3617 3161 ,
3712 3081 4058 3176 Vtraque

1368 3180 1895 3263 extremitate
1957 3172 2239 3284 paullo
2297 3175 2852 3270 acuminatum
2892 3237 2917 3281 ,
3014 3189 3401 3271 anteriori
3464 3206 3745 3277 autem
3827 3213 4055 3302 parte

1369 3309 1575 3393 duos
1636 3299 1957 3399 loculos
2011 3324 2316 3393 vacuos
2349 3362 2376 3405 ,
2461 3322 2664 3412 quos
2728 3307 3127 3408 etsulcus
3186 3331 3368 3397 ante
3432 3315 3856 3428 descriptus
3922 3327 4055 3408 in·

1370 3438 1601 3525 dicat.
1797 3433 2057 3527 Folia,
2110 3434 2209 3517 ad
2273 3428 2594 3523 caulem
2661 3432 3143 3548 plerumque
3203 3443 3535 3551 pinnata
3602 3442 3781 3532 sunt
3821 3513 3846 3559 ,
3913 3472 4049 3538 aut

1373 3583 1591 3649 certe
1655 3565 1754 3647 ad
1816 3560 2115 3647 costam
2182 3582 2437 3668 vsque
2502 3558 2997 3671 pinnatifida.

1496 3922 1505 3927 -
1554 3794 1567 3805 ’
1612 3794 1617 3797 ’
1670 3790 2430 3906 Cau'lis'varietat'is
2496 3820 2584 3919 α)
2649 3830 2852 3899 teres
2916 3819 3028 3904 est
3123 3830 3212 3906 et‘
3304 3825 3577 3934 glaber
3671 3833 4050 3952 saepeque

1373 3945 1608 4057 rubet
1651 4008 1676 4052 ‚
1744 3943 2174 4055 praecipue
2241 3946 2532 4061 infra-5
2577 3962 2820 4055 atque
2884 3951 3092 4034 inter
3162 3957 3460 4064 pedum
3527 3982 3608 4047 et
3672 3968 4048 4054 cubitum

1370 4075 1882 4182 longitudine
1961 4076 2277 4207 rvariat:
2344 4102 2348 4108 ·
2459 4073 2566 4158 In
2629 4073 2745 4187 β)
2843 4083 3213 4193 persaepe
3272 4086 3582 4189 leuiter,
3623 4098 4048 4204 angulosus

1372 4200 1550 4311 est}
1619 4203 1918 4315 pallide
1985 4204 2275 4287 viridis
2312 4266 2336 4307 ‚
2415 4201 2871 4321 hocque-et
2927 4213 3190 4325 ‘rubro
3257 4241 3842 4334 nonnunquam
3904 4255 4046 4315 co-

1370 4331 1681 4431 loribus
1749 4333 2095 4420 mixtim
2161 4335 2492 4421 vestitus
2533 4370 2601 4447 ,·
2659 4336 2882 4457 saepe
2944 4339 3298 4450 hirsutus
3338 4412 3363 4460 ,
3464 4358 3849 4471 inprimis
3913 4360 4047 4445 su·

1434 4498 1487 4515 ..
1730 4508 1739 4517 ,
2825 4514 2838 4525 ,
3895 4513 4045 4605 pm
