<?xml version="1.0" encoding="UTF-8"?>
<!DOCTYPE html PUBLIC "-//W3C//DTD XHTML 1.0 Transitional//EN"
    "http://www.w3.org/TR/xhtml1/DTD/xhtml1-transitional.dtd">
<html xmlns="http://www.w3.org/1999/xhtml" xml:lang="en" lang="en">
 <head>
  <title>
</title>
<meta http-equiv="Content-Type" content="text/html;charset=utf-8" />
  <meta name='ocr-system' content='tesseract 3.04.00' />
  <meta name='ocr-capabilities' content='ocr_page ocr_carea ocr_par ocr_line ocrx_word'/>
</head>
<body>
  <div class='ocr_page' id='page_1' title='image "./florasibiricasi01gmelgoog_0144.png"; bbox 0 0 4414 5652; ppageno 0'>
   <div class='ocr_carea' id='block_1_1' title="bbox 1341 359 3348 498">
    <p class='ocr_par' dir='ltr' id='par_1_1' title="bbox 1341 359 3348 498">
     <span class='ocr_line' id='line_1_1' title="bbox 1341 359 3348 498; baseline -0.001 -23"><span class='ocrx_word' id='word_1_1' title='bbox 1341 359 1525 498; x_wconf 74' lang='lat'>1&#39;40</span> <span class='ocrx_word' id='word_1_2' title='bbox 2031 371 3348 480; x_wconf 61' lang='lat' dir='ltr'>favent-Loium</span> 
     </span>
    </p>
   </div>
   <div class='ocr_carea' id='block_1_2' title="bbox 1317 601 4154 1895">
    <p class='ocr_par' dir='ltr' id='par_1_2' title="bbox 1317 601 4154 1895">
     <span class='ocr_line' id='line_1_2' title="bbox 1330 601 4020 706; baseline -0.002 0"><span class='ocrx_word' id='word_1_3' title='bbox 1330 613 1917 706; x_wconf 86' lang='lat' dir='ltr'>confistentiam</span> <span class='ocrx_word' id='word_1_4' title='bbox 1976 614 2064 699; x_wconf 91' lang='lat' dir='ltr'>in</span> <span class='ocrx_word' id='word_1_5' title='bbox 2128 604 2456 700; x_wconf 66' lang='lat' dir='ltr'>asserem</span> <span class='ocrx_word' id='word_1_6' title='bbox 2521 607 2706 696; x_wconf 87' lang='lat' dir='ltr'>oleo</span> <span class='ocrx_word' id='word_1_7' title='bbox 2766 608 3080 696; x_wconf 86' lang='lat' dir='ltr'>illitum</span> <span class='ocrx_word' id='word_1_8' title='bbox 3151 612 3380 698; x_wconf 87' lang='lat' dir='ltr'>tenui</span> <span class='ocrx_word' id='word_1_9' title='bbox 3444 601 3637 700; x_wconf 73' lang='lat' dir='ltr'>¹rino</span> <span class='ocrx_word' id='word_1_10' title='bbox 3741 604 4020 702; x_wconf 65' lang='lat' dir='ltr'>effun-&#39;ss-</span> 
     </span>
     <span class='ocr_line' id='line_1_3' title="bbox 1324 736 4038 854; baseline -0.005 -20"><span class='ocrx_word' id='word_1_11' title='bbox 1324 752 1561 834; x_wconf 85' lang='lat' dir='ltr'>ditur&#39;</span> <span class='ocrx_word' id='word_1_12' title='bbox 1586 807 1612 854; x_wconf 87' lang='lat'><strong>,</strong></span> <span class='ocrx_word' id='word_1_13' title='bbox 1706 767 1792 832; x_wconf 93' lang='lat' dir='ltr'>et</span> <span class='ocrx_word' id='word_1_14' title='bbox 1893 748 1981 828; x_wconf 90' lang='lat' dir='ltr'>in</span> <span class='ocrx_word' id='word_1_15' title='bbox 2041 740 2566 829; x_wconf 14' lang='lat' dir='ltr'>latitudinem*</span> <span class='ocrx_word' id='word_1_16' title='bbox 2623 736 3002 823; x_wconf 84' lang='lat' dir='ltr'>dilatatur</span> <span class='ocrx_word' id='word_1_17' title='bbox 3043 802 3070 846; x_wconf 91' lang='lat'>‚</span> <span class='ocrx_word' id='word_1_18' title='bbox 3164 744 3326 831; x_wconf 74' lang='lat' dir='ltr'>vbi·</span> <span class='ocrx_word' id='word_1_19' title='bbox 3370 744 3456 826; x_wconf 87' lang='lat' dir='ltr'>in</span> <span class='ocrx_word' id='word_1_20' title='bbox 3524 742 4038 854; x_wconf 73' lang='lat' dir='ltr'><strong>placentulas.</strong></span> 
     </span>
     <span class='ocr_line' id='line_1_4' title="bbox 1332 870 4058 983; baseline -0.003 -21"><span class='ocrx_word' id='word_1_21' title='bbox 1332 896 1607 963; x_wconf 88' lang='lat' dir='ltr'>tenues</span> <span class='ocrx_word' id='word_1_22' title='bbox 1642 937 1666 979; x_wconf 92' lang='lat'>‚</span> <span class='ocrx_word' id='word_1_23' title='bbox 1761 870 1933 959; x_wconf 88' lang='lat' dir='ltr'>fiue</span> <span class='ocrx_word' id='word_1_24' title='bbox 2034 874 2469 957; x_wconf 81' lang='lat' dir='ltr'>materiam</span> <span class='ocrx_word' id='word_1_25' title='bbox 2570 886 2928 960; x_wconf 77' lang='lat' dir='ltr'>tenacem</span> <span class='ocrx_word' id='word_1_26' title='bbox 2972 932 3000 975; x_wconf 88' lang='lat'>‚</span> <span class='ocrx_word' id='word_1_27' title='bbox 3076 872 3329 978; x_wconf 54' lang='lat' dir='ltr'>tenui</span> <span class='ocrx_word' id='word_1_28' title='bbox 3363 876 3622 959; x_wconf 60' lang='lat' dir='ltr'>‹corio</span> <span class='ocrx_word' id='word_1_29' title='bbox 3684 879 4058 983; x_wconf 30' lang='lat' dir='ltr'>proi-susc</span> 
     </span>
     <span class='ocr_line' id='line_1_5' title="bbox 1326 992 4053 1111; baseline -0.001 -20"><span class='ocrx_word' id='word_1_30' title='bbox 1326 1002 1685 1093; x_wconf 85' lang='lat' dir='ltr'>fimilem</span> <span class='ocrx_word' id='word_1_31' title='bbox 1729 1066 1755 1111; x_wconf 85' lang='lat'>‚</span> <span class='ocrx_word' id='word_1_32' title='bbox 1817 998 2170 1091; x_wconf 88' lang='lat' dir='ltr'>confistit</span> <span class='ocrx_word' id='word_1_33' title='bbox 2216 1063 2244 1105; x_wconf 91' lang='lat'><strong>,</strong></span> <span class='ocrx_word' id='word_1_34' title='bbox 2320 1022 2726 1081; x_wconf 71' lang='lat' dir='ltr'>uoctmma</span> <span class='ocrx_word' id='word_1_35' title='bbox 2787 992 3165 1110; x_wconf 79' lang='lat' dir='ltr'>(postila)&#39;</span> <span class='ocrx_word' id='word_1_36' title='bbox 3198 1021 3499 1090; x_wconf 79' lang='lat' dir='ltr'>vocant</span> <span class='ocrx_word' id='word_1_37' title='bbox 3539 1065 3564 1109; x_wconf 87' lang='lat'>‚</span> <span class='ocrx_word' id='word_1_38' title='bbox 3626 1002 3816 1111; x_wconf 75' lang='lat' dir='ltr'>quia</span> <span class='ocrx_word' id='word_1_39' title='bbox 3911 1003 4053 1106; x_wconf 69' lang='lat' dir='ltr'>in,</span> 
     </span>
     <span class='ocr_line' id='line_1_6' title="bbox 1326 1123 4154 1242; baseline -0.002 -21"><span class='ocrx_word' id='word_1_40' title='bbox 1326 1134 1574 1221; x_wconf 73' lang='lat' dir='ltr'>strato</span> <span class='ocrx_word' id='word_1_41' title='bbox 1636 1123 1847 1218; x_wconf 91' lang='lat' dir='ltr'>succi</span> <span class='ocrx_word' id='word_1_42' title='bbox 1915 1150 2303 1242; x_wconf 88' lang='lat' dir='ltr'>parantur</span> <span class='ocrx_word' id='word_1_43' title='bbox 2338 1191 2365 1234; x_wconf 90' lang='lat'>,</span> <span class='ocrx_word' id='word_1_44' title='bbox 2443 1152 2649 1237; x_wconf 87' lang='lat' dir='ltr'>quae</span> <span class='ocrx_word' id='word_1_45' title='bbox 2701 1148 2978 1234; x_wconf 83' lang='lat' dir='ltr'><strong>gratae</strong></span> <span class='ocrx_word' id='word_1_46' title='bbox 3038 1126 3302 1214; x_wconf 83' lang='lat' dir='ltr'>acidae</span> <span class='ocrx_word' id='word_1_47' title='bbox 3366 1156 3511 1216; x_wconf 88' lang='lat' dir='ltr'>nec</span> <span class='ocrx_word' id='word_1_48' title='bbox 3573 1127 3808 1215; x_wconf 86' lang='lat' dir='ltr'>laude</span> <span class='ocrx_word' id='word_1_49' title='bbox 3869 1132 4002 1215; x_wconf 81' lang='lat' dir='ltr'>sua</span> <span class='ocrx_word' id='word_1_50' title='bbox 4151 1131 4154 1134; x_wconf 71' lang='grc'>’</span> 
     </span>
     <span class='ocr_line' id='line_1_7' title="bbox 1325 1243 4001 1368; baseline -0.002 -20"><span class='ocrx_word' id='word_1_51' title='bbox 1325 1243 1909 1354; x_wconf 63' lang='grc' dir='ltr'>ᾶεῐαιιιὸαηάεε</span> <span class='ocrx_word' id='word_1_52' title='bbox 1968 1260 2155 1343; x_wconf 89' lang='lat' dir='ltr'>sunt</span> <span class='ocrx_word' id='word_1_53' title='bbox 2190 1323 2217 1367; x_wconf 90' lang='lat'>,</span> <span class='ocrx_word' id='word_1_54' title='bbox 2313 1252 2587 1368; x_wconf 74' lang='lat' dir='ltr'>quales</span> <span class='ocrx_word' id='word_1_55' title='bbox 2649 1275 2925 1342; x_wconf 89' lang='lat' dir='ltr'>tamen</span> <span class='ocrx_word' id='word_1_56' title='bbox 2985 1258 3238 1342; x_wconf 90' lang='lat' dir='ltr'>etiam</span> <span class='ocrx_word' id='word_1_57' title='bbox 3305 1283 3411 1343; x_wconf 84' lang='lat' dir='ltr'>ex</span> <span class='ocrx_word' id='word_1_58' title='bbox 3474 1257 3653 1344; x_wconf 87' lang='lat' dir='ltr'>aliis</span> <span class='ocrx_word' id='word_1_59' title='bbox 3710 1258 4001 1344; x_wconf 64' lang='lat' dir='ltr'>frusti-</span> 
     </span>
     <span class='ocr_line' id='line_1_8' title="bbox 1317 1382 4005 1504; baseline -0.003 -26"><span class='ocrx_word' id='word_1_60' title='bbox 1317 1393 1469 1478; x_wconf 88' lang='lat' dir='ltr'>bus</span> <span class='ocrx_word' id='word_1_61' title='bbox 1511 1453 1535 1500; x_wconf 89' lang='lat'>,</span> <span class='ocrx_word' id='word_1_62' title='bbox 1638 1389 2075 1504; x_wconf 79' lang='lat' dir='ltr'>praecipue</span> <span class='ocrx_word' id='word_1_63' title='bbox 2161 1389 2269 1477; x_wconf 84' lang='lat' dir='ltr'>ex</span> <span class='ocrx_word' id='word_1_64' title='bbox 2352 1389 2625 1498; x_wconf 86' lang='lat' dir='ltr'>pomis</span> <span class='ocrx_word' id='word_1_65' title='bbox 2684 1382 3181 1474; x_wconf 83' lang='lat' dir='ltr'>acidiusculis</span> <span class='ocrx_word' id='word_1_66' title='bbox 3239 1388 3675 1472; x_wconf 88' lang='lat' dir='ltr'>commode</span> <span class='ocrx_word' id='word_1_67' title='bbox 3735 1385 4005 1473; x_wconf 84' lang='lat' dir='ltr'>confi-</span> 
     </span>
     <span class='ocr_line' id='line_1_9' title="bbox 1320 1512 4005 1625; baseline -0.002 -19"><span class='ocrx_word' id='word_1_68' title='bbox 1320 1524 1682 1607; x_wconf 88' lang='lat' dir='ltr'>ciuntur.</span> <span class='ocrx_word' id='word_1_69' title='bbox 1828 1517 2155 1605; x_wconf 90' lang='lat' dir='ltr'>Eodem</span> <span class='ocrx_word' id='word_1_70' title='bbox 2216 1517 2466 1601; x_wconf 86' lang='lat' dir='ltr'>modo</span> <span class='ocrx_word' id='word_1_71' title='bbox 2527 1517 2783 1601; x_wconf 85' lang='lat' dir='ltr'>etiam</span> <span class='ocrx_word' id='word_1_72' title='bbox 2845 1516 3062 1600; x_wconf 89' lang='lat' dir='ltr'>fiunt</span> <span class='ocrx_word' id='word_1_73' title='bbox 3124 1512 3531 1625; x_wconf 83' lang='lat' dir='ltr'>placentae</span> <span class='ocrx_word' id='word_1_74' title='bbox 3590 1516 4005 1602; x_wconf 70' lang='lat' dir='ltr'>crassiores</span> 
     </span>
     <span class='ocr_line' id='line_1_10' title="bbox 1321 1646 4010 1758; baseline -0.002 -23"><span class='ocrx_word' id='word_1_75' title='bbox 1321 1648 1714 1756; x_wconf 86' lang='lat' dir='ltr'>oblongae</span> <span class='ocrx_word' id='word_1_76' title='bbox 1778 1649 2209 1758; x_wconf 78' lang='lat' dir='ltr'>quadratae</span> <span class='ocrx_word' id='word_1_77' title='bbox 2247 1710 2273 1753; x_wconf 90' lang='lat'><strong>‚</strong></span> <span class='ocrx_word' id='word_1_78' title='bbox 2332 1670 2538 1755; x_wconf 88' lang='lat' dir='ltr'>quae</span> <span class='ocrx_word' id='word_1_79' title='bbox 2601 1661 2702 1730; x_wconf 75' lang='lat' dir='ltr'>vt</span> <span class='ocrx_word' id='word_1_80' title='bbox 2758 1662 2848 1730; x_wconf 88' lang='lat' dir='ltr'>et</span> <span class='ocrx_word' id='word_1_81' title='bbox 2907 1667 3119 1731; x_wconf 84' lang='lat' dir='ltr'>mox</span> <span class='ocrx_word' id='word_1_82' title='bbox 3172 1646 3638 1733; x_wconf 78' lang='lat' dir='ltr'>nominatae</span> <span class='ocrx_word' id='word_1_83' title='bbox 3671 1707 3700 1757; x_wconf 68' lang='lat'>2</span> <span class='ocrx_word' id='word_1_84' title='bbox 3774 1648 4010 1732; x_wconf 81' lang='lat' dir='ltr'>inte-</span> 
     </span>
     <span class='ocr_line' id='line_1_11' title="bbox 1318 1771 2970 1895; baseline -0.004 -28"><span class='ocrx_word' id='word_1_85' title='bbox 1318 1797 1510 1894; x_wconf 82' lang='lat' dir='ltr'>gros</span> <span class='ocrx_word' id='word_1_86' title='bbox 1574 1801 1721 1895; x_wconf 88' lang='lat' dir='ltr'>per</span> <span class='ocrx_word' id='word_1_87' title='bbox 1786 1800 2039 1865; x_wconf 79' lang='lat' dir='ltr'>annos</span> <span class='ocrx_word' id='word_1_88' title='bbox 2092 1776 2556 1866; x_wconf 84' lang='lat' dir='ltr'>conseruari</span> <span class='ocrx_word' id='word_1_89' title='bbox 2612 1771 2970 1886; x_wconf 87' lang='lat' dir='ltr'>poffunt.</span> 
     </span>
    </p>
   </div>
   <div class='ocr_carea' id='block_1_3' title="bbox 1305 1964 4055 2960">
    <p class='ocr_par' dir='ltr' id='par_1_3' title="bbox 1305 1964 4055 2960">
     <span class='ocr_line' id='line_1_12' title="bbox 1623 1964 4004 2080; baseline -0.002 -22"><span class='ocrx_word' id='word_1_90' title='bbox 1623 1969 2134 2058; x_wconf 87' lang='lat' dir='ltr'>Varietatem</span> <span class='ocrx_word' id='word_1_91' title='bbox 2201 1973 2289 2055; x_wconf 91' lang='lat' dir='ltr'>in</span> <span class='ocrx_word' id='word_1_92' title='bbox 2355 1965 2647 2054; x_wconf 87' lang='lat' dir='ltr'>filuula</span> <span class='ocrx_word' id='word_1_93' title='bbox 2710 1967 3072 2056; x_wconf 85' lang='lat' dir='ltr'>Isetenfis</span> <span class='ocrx_word' id='word_1_94' title='bbox 3127 1969 3597 2080; x_wconf 88' lang='lat' dir='ltr'>prouinciae</span> <span class='ocrx_word' id='word_1_95' title='bbox 3632 2028 3672 2076; x_wconf 79' lang='lat'>,</span> <span class='ocrx_word' id='word_1_96' title='bbox 3725 1964 4004 2077; x_wconf 76' lang='lat' dir='ltr'>Tscbe-</span> 
     </span>
     <span class='ocr_line' id='line_1_13' title="bbox 1315 2089 4002 2209; baseline -0.001 -23"><span class='ocrx_word' id='word_1_97' title='bbox 1315 2089 1740 2209; x_wconf 69' lang='lat' dir='ltr'>barkuletfi</span> <span class='ocrx_word' id='word_1_98' title='bbox 1832 2102 2000 2185; x_wconf 87' lang='lat' dir='ltr'>arci</span> <span class='ocrx_word' id='word_1_99' title='bbox 2066 2101 2369 2184; x_wconf 42' lang='lat' dir='ltr'>*vicina</span> <span class='ocrx_word' id='word_1_100' title='bbox 2399 2162 2426 2206; x_wconf 90' lang='lat'>‚</span> <span class='ocrx_word' id='word_1_101' title='bbox 2527 2099 2933 2208; x_wconf 83' lang='lat' dir='ltr'>copiosam</span> <span class='ocrx_word' id='word_1_102' title='bbox 3001 2102 3296 2185; x_wconf 90' lang='lat' dir='ltr'>inueni.</span> <span class='ocrx_word' id='word_1_103' title='bbox 3428 2098 3789 2188; x_wconf 90' lang='lat' dir='ltr'>Stamina</span> <span class='ocrx_word' id='word_1_104' title='bbox 3848 2124 4002 2182; x_wconf 91' lang='lat' dir='ltr'>co-</span> 
     </span>
     <span class='ocr_line' id='line_1_14' title="bbox 1312 2223 4000 2339; baseline -0.001 -25"><span class='ocrx_word' id='word_1_105' title='bbox 1312 2225 1544 2314; x_wconf 83' lang='lat' dir='ltr'>tollis</span> <span class='ocrx_word' id='word_1_106' title='bbox 1669 2225 1894 2315; x_wconf 87' lang='lat' dir='ltr'>nulla</span> <span class='ocrx_word' id='word_1_107' title='bbox 1960 2231 2274 2314; x_wconf 89' lang='lat' dir='ltr'>inerant</span> <span class='ocrx_word' id='word_1_108' title='bbox 2319 2290 2346 2335; x_wconf 87' lang='lat'>,</span> <span class='ocrx_word' id='word_1_109' title='bbox 2446 2229 2572 2316; x_wconf 82' lang='lat' dir='ltr'>sed</span> <span class='ocrx_word' id='word_1_110' title='bbox 2633 2223 2855 2312; x_wconf 85' lang='lat' dir='ltr'>stilus</span> <span class='ocrx_word' id='word_1_111' title='bbox 2921 2228 3654 2339; x_wconf 79' lang='lat' dir='ltr'>praetermodum</span> <span class='ocrx_word' id='word_1_112' title='bbox 3730 2229 4000 2310; x_wconf 87' lang='lat' dir='ltr'>tumi-</span> 
     </span>
     <span class='ocr_line' id='line_1_15' title="bbox 1307 2353 4002 2466; baseline 0 -25"><span class='ocrx_word' id='word_1_113' title='bbox 1307 2353 1475 2443; x_wconf 62' lang='lat' dir='ltr'>dus</span> <span class='ocrx_word' id='word_1_114' title='bbox 1522 2367 1527 2372; x_wconf 83' lang='grc'><em>’</em></span> <span class='ocrx_word' id='word_1_115' title='bbox 1604 2354 1985 2447; x_wconf 86' lang='lat' dir='ltr'>Corollae</span> <span class='ocrx_word' id='word_1_116' title='bbox 2045 2359 2269 2443; x_wconf 83' lang='lat' dir='ltr'>intus</span> <span class='ocrx_word' id='word_1_117' title='bbox 2334 2356 2717 2444; x_wconf 85' lang='lat' dir='ltr'>rubebant</span> <span class='ocrx_word' id='word_1_118' title='bbox 2759 2416 2785 2463; x_wconf 87' lang='lat'><strong>,</strong></span> <span class='ocrx_word' id='word_1_119' title='bbox 2846 2376 2934 2442; x_wconf 88' lang='lat' dir='ltr'>et</span> <span class='ocrx_word' id='word_1_120' title='bbox 3000 2357 3430 2446; x_wconf 79' lang='lat' dir='ltr'>substantia.</span> <span class='ocrx_word' id='word_1_121' title='bbox 3483 2361 3811 2466; x_wconf 78' lang='lat' dir='ltr'>prorsus</span> <span class='ocrx_word' id='word_1_122' title='bbox 3859 2379 4002 2441; x_wconf 87' lang='lat' dir='ltr'>re-</span> 
     </span>
     <span class='ocr_line' id='line_1_16' title="bbox 1306 2482 4006 2599; baseline -0.001 -27"><span class='ocrx_word' id='word_1_123' title='bbox 1306 2485 1659 2572; x_wconf 76' lang='lat' dir='ltr'>ferebant</span> <span class='ocrx_word' id='word_1_124' title='bbox 1723 2484 2118 2599; x_wconf 89' lang='lat' dir='ltr'>ephedrae</span> <span class='ocrx_word' id='word_1_125' title='bbox 2179 2484 2511 2570; x_wconf 85' lang='lat' dir='ltr'>calicem</span> <span class='ocrx_word' id='word_1_126' title='bbox 2555 2548 2581 2590; x_wconf 90' lang='lat'>,</span> <span class='ocrx_word' id='word_1_127' title='bbox 2679 2482 2998 2591; x_wconf 87' lang='lat' dir='ltr'>quando</span> <span class='ocrx_word' id='word_1_128' title='bbox 3065 2504 3388 2574; x_wconf 84' lang='lat' dir='ltr'>matura</span> <span class='ocrx_word' id='word_1_129' title='bbox 3454 2486 3754 2571; x_wconf 88' lang='lat' dir='ltr'>semina</span> <span class='ocrx_word' id='word_1_130' title='bbox 3862 2487 4006 2568; x_wconf 87' lang='lat' dir='ltr'>in-</span> 
     </span>
     <span class='ocr_line' id='line_1_17' title="bbox 1305 2609 4000 2723; baseline 0 -25"><span class='ocrx_word' id='word_1_131' title='bbox 1305 2610 1590 2698; x_wconf 87' lang='lat' dir='ltr'>cludit.</span> <span class='ocrx_word' id='word_1_132' title='bbox 1755 2615 2066 2701; x_wconf 79' lang='lat' dir='ltr'>Eadem</span> <span class='ocrx_word' id='word_1_133' title='bbox 2132 2614 2346 2694; x_wconf 87' lang='lat' dir='ltr'>ratio</span> <span class='ocrx_word' id='word_1_134' title='bbox 2403 2630 2579 2694; x_wconf 83' lang='lat' dir='ltr'>erat</span> <span class='ocrx_word' id='word_1_135' title='bbox 2641 2609 3028 2712; x_wconf 87' lang='lat' dir='ltr'>calycum</span> <span class='ocrx_word' id='word_1_136' title='bbox 3090 2634 3178 2699; x_wconf 87' lang='lat' dir='ltr'>et</span> <span class='ocrx_word' id='word_1_137' title='bbox 3237 2609 3629 2698; x_wconf 57' lang='lat' dir='ltr'>filiorum</span> <span class='ocrx_word' id='word_1_138' title='bbox 3698 2617 3788 2698; x_wconf 91' lang='lat' dir='ltr'>in</span> <span class='ocrx_word' id='word_1_139' title='bbox 3849 2638 4000 2723; x_wconf 85' lang='lat' dir='ltr'>pe·-</span> 
     </span>
     <span class='ocr_line' id='line_1_18' title="bbox 1307 2733 4055 2844; baseline 0 -15"><span class='ocrx_word' id='word_1_140' title='bbox 1307 2738 1697 2829; x_wconf 82' lang='lat' dir='ltr'>dunculis.</span> <span class='ocrx_word' id='word_1_141' title='bbox 1828 2735 2264 2835; x_wconf 87' lang='lat' dir='ltr'>Pedunculi</span> <span class='ocrx_word' id='word_1_142' title='bbox 2324 2759 2517 2828; x_wconf 89' lang='lat' dir='ltr'>cute</span> <span class='ocrx_word' id='word_1_143' title='bbox 2577 2733 2817 2824; x_wconf 83' lang='lat' dir='ltr'>craffa</span> <span class='ocrx_word' id='word_1_144' title='bbox 2873 2735 3259 2828; x_wconf 82' lang='lat' dir='ltr'>albiffima</span> <span class='ocrx_word' id='word_1_145' title='bbox 3324 2735 3592 2826; x_wconf 82' lang='lat' dir='ltr'>veluti</span> <span class='ocrx_word' id='word_1_146' title='bbox 3667 2742 4055 2844; x_wconf 49' lang='lat' dir='ltr'>obdustig</span> 
     </span>
     <span class='ocr_line' id='line_1_19' title="bbox 1308 2890 1567 2960; baseline 0.004 -7"><span class='ocrx_word' id='word_1_147' title='bbox 1308 2890 1567 2960; x_wconf 87' lang='lat' dir='ltr'>erant.</span> 
     </span>
    </p>
   </div>
   <div class='ocr_carea' id='block_1_4' title="bbox 1445 3034 4014 3423">
    <p class='ocr_par' dir='ltr' id='par_1_4' title="bbox 1445 3034 4014 3423">
     <span class='ocr_line' id='line_1_20' title="bbox 1445 3034 4014 3148; baseline 0 -26"><span class='ocrx_word' id='word_1_148' title='bbox 1445 3062 1583 3130; x_wconf 84' lang='lat'>12.</span> <span class='ocrx_word' id='word_1_149' title='bbox 1644 3036 2089 3129; x_wconf 82' lang='lat' dir='ltr'><em>VACCIN</em></span> <span class='ocrx_word' id='word_1_150' title='bbox 2092 3037 2220 3124; x_wconf 84' lang='lat' dir='ltr'>IV</span> <span class='ocrx_word' id='word_1_151' title='bbox 2213 3037 2318 3125; x_wconf 86' lang='lat' dir='ltr'><em>M</em></span> <span class='ocrx_word' id='word_1_152' title='bbox 2374 3034 2590 3124; x_wconf 78' lang='lat' dir='ltr'>soliis</span> <span class='ocrx_word' id='word_1_153' title='bbox 2651 3034 3204 3148; x_wconf 83' lang='lat' dir='ltr'>integerrimis</span> <span class='ocrx_word' id='word_1_154' title='bbox 3299 3036 3712 3123; x_wconf 68' lang='lat' dir='ltr'>reuolutis</span> <span class='ocrx_word' id='word_1_155' title='bbox 3797 3055 4014 3122; x_wconf 84' lang='lat' dir='ltr'>oua-</span> 
     </span>
     <span class='ocr_line' id='line_1_21' title="bbox 1688 3163 4008 3275; baseline -0.005 -18"><span class='ocrx_word' id='word_1_156' title='bbox 1688 3174 1798 3257; x_wconf 85' lang='lat' dir='ltr'>tis</span> <span class='ocrx_word' id='word_1_157' title='bbox 1899 3167 2249 3255; x_wconf 87' lang='lat' dir='ltr'>caulibus</span> <span class='ocrx_word' id='word_1_158' title='bbox 2347 3168 2818 3275; x_wconf 86' lang='lat' dir='ltr'>repentibus</span> <span class='ocrx_word' id='word_1_159' title='bbox 2853 3227 2880 3271; x_wconf 89' lang='lat'><strong>‚</strong></span> <span class='ocrx_word' id='word_1_160' title='bbox 2977 3165 3493 3253; x_wconf 82' lang='lat' dir='ltr'>filiformibus</span> <span class='ocrx_word' id='word_1_161' title='bbox 3528 3226 3564 3271; x_wconf 76' lang='lat'><strong>,</strong></span> <span class='ocrx_word' id='word_1_162' title='bbox 3691 3163 3928 3275; x_wconf 88' lang='lat' dir='ltr'>nudis</span> <span class='ocrx_word' id='word_1_163' title='bbox 3963 3227 4008 3275; x_wconf 84' lang='lat'>‚</span> 
     </span>
     <span class='ocr_line' id='line_1_22' title="bbox 1642 3294 3277 3423; baseline -0.007 -35"><span class='ocrx_word' id='word_1_164' title='bbox 1642 3296 2027 3412; x_wconf 26' lang='lat' dir='ltr'>‘LINN.</span> <span class='ocrx_word' id='word_1_165' title='bbox 2100 3294 2491 3423; x_wconf 30' lang='lat' dir='ltr'>Specas.</span> <span class='ocrx_word' id='word_1_166' title='bbox 2544 3312 2632 3407; x_wconf 71' lang='lat' dir='ltr'>p,</span> <span class='ocrx_word' id='word_1_167' title='bbox 2701 3314 2907 3394; x_wconf 97' lang='grc'><strong>500.</strong></span> <span class='ocrx_word' id='word_1_168' title='bbox 2976 3316 3053 3376; x_wconf 86' lang='lat' dir='ltr'>n.</span> <span class='ocrx_word' id='word_1_169' title='bbox 3134 3319 3277 3376; x_wconf 85' lang='lat'>11.</span> 
     </span>
    </p>
   </div>
   <div class='ocr_carea' id='block_1_5' title="bbox 1806 3466 4016 3844">
    <p class='ocr_par' dir='ltr' id='par_1_5' title="bbox 1806 3466 4016 3844">
     <span class='ocr_line' id='line_1_23' title="bbox 1806 3466 3993 3587; baseline -0.004 -23"><span class='ocrx_word' id='word_1_170' title='bbox 1806 3474 2243 3567; x_wconf 79' lang='lat' dir='ltr'>Vaccinium</span> <span class='ocrx_word' id='word_1_171' title='bbox 2304 3468 2551 3556; x_wconf 80' lang='lat' dir='ltr'>ramis</span> <span class='ocrx_word' id='word_1_172' title='bbox 2571 3466 3086 3582; x_wconf 83' lang='lat' dir='ltr'>filisormibus</span> <span class='ocrx_word' id='word_1_173' title='bbox 3130 3529 3164 3573; x_wconf 81' lang='lat'>,</span> <span class='ocrx_word' id='word_1_174' title='bbox 3256 3467 3484 3579; x_wconf 79' lang='lat' dir='ltr'>fhliis</span> <span class='ocrx_word' id='word_1_175' title='bbox 3538 3470 3790 3556; x_wconf 81' lang='lat' dir='ltr'>ouatis</span> <span class='ocrx_word' id='word_1_176' title='bbox 3837 3487 3993 3587; x_wconf 87' lang='lat' dir='ltr'>pe-</span> 
     </span>
     <span class='ocr_line' id='line_1_24' title="bbox 1942 3588 4016 3719; baseline -0.003 -30"><span class='ocrx_word' id='word_1_177' title='bbox 1942 3598 2439 3689; x_wconf 61' lang='lat' dir='ltr'>manantibus</span> <span class='ocrx_word' id='word_1_178' title='bbox 2487 3658 2513 3701; x_wconf 86' lang='lat'>‚</span> <span class='ocrx_word' id='word_1_179' title='bbox 2599 3598 3032 3708; x_wconf 84' lang='lat' dir='ltr'>pedunculis</span> <span class='ocrx_word' id='word_1_180' title='bbox 3091 3595 3566 3712; x_wconf 78' lang='lat' dir='ltr'>simplicibus</span> <span class='ocrx_word' id='word_1_181' title='bbox 3607 3661 3632 3705; x_wconf 87' lang='lat'>‚</span> <span class='ocrx_word' id='word_1_182' title='bbox 3698 3588 4016 3719; x_wconf 57' lang='lat' dir='ltr'>stipula</span> 
     </span>
     <span class='ocr_line' id='line_1_25' title="bbox 1937 3722 3706 3844; baseline -0.002 -29"><span class='ocrx_word' id='word_1_183' title='bbox 1937 3726 2216 3841; x_wconf 65' lang='lat' dir='ltr'>duplici</span> <span class='ocrx_word' id='word_1_184' title='bbox 2265 3787 2292 3833; x_wconf 88' lang='lat'>‚</span> <span class='ocrx_word' id='word_1_185' title='bbox 2345 3722 2696 3812; x_wconf 77' lang='lat' dir='ltr'><strong>LINN.</strong></span> <span class='ocrx_word' id='word_1_186' title='bbox 2764 3725 2995 3814; x_wconf 82' lang='lat' dir='ltr'>Suec.</span> <span class='ocrx_word' id='word_1_187' title='bbox 3072 3746 3283 3829; x_wconf 79' lang='lat'>315.</span> <span class='ocrx_word' id='word_1_188' title='bbox 3330 3743 3417 3844; x_wconf 88' lang='lat' dir='ltr'>p.</span> <span class='ocrx_word' id='word_1_189' title='bbox 3497 3753 3706 3833; x_wconf 80' lang='lat'>¹14·</span> 
     </span>
    </p>
   </div>
   <div class='ocr_carea' id='block_1_6' title="bbox 1816 3899 3423 4019">
    <p class='ocr_par' dir='ltr' id='par_1_6' title="bbox 1816 3899 3423 4019">
     <span class='ocr_line' id='line_1_26' title="bbox 1816 3899 3423 4019; baseline -0.005 -21"><span class='ocrx_word' id='word_1_190' title='bbox 1816 3906 2175 4008; x_wconf 76' lang='lat' dir='ltr'>Vaccinia</span> <span class='ocrx_word' id='word_1_191' title='bbox 2218 3899 2601 4019; x_wconf 68' lang='lat' dir='ltr'>palrstria</span> <span class='ocrx_word' id='word_1_192' title='bbox 2637 3968 2664 4013; x_wconf 89' lang='lat'>,</span> <span class='ocrx_word' id='word_1_193' title='bbox 2729 3900 2982 3992; x_wconf 88' lang='lat' dir='ltr'><strong>LOB.</strong></span> <span class='ocrx_word' id='word_1_194' title='bbox 3042 3903 3139 3994; x_wconf 81' lang='lat' dir='ltr'>ic.</span> <span class='ocrx_word' id='word_1_195' title='bbox 3214 3914 3252 3986; x_wconf 80' lang='grc' dir='ltr'>ι·</span> <span class='ocrx_word' id='word_1_196' title='bbox 3270 3931 3423 4010; x_wconf 86' lang='grc'>09.</span> 
     </span>
    </p>
   </div>
   <div class='ocr_carea' id='block_1_7' title="bbox 1807 4080 3976 4561">
    <p class='ocr_par' dir='ltr' id='par_1_7' title="bbox 1807 4080 3976 4561">
     <span class='ocr_line' id='line_1_27' title="bbox 1808 4080 3654 4206; baseline 0 -34"><span class='ocrx_word' id='word_1_197' title='bbox 1808 4080 2020 4172; x_wconf 84' lang='lat' dir='ltr'>Vitis</span> <span class='ocrx_word' id='word_1_198' title='bbox 2080 4081 2311 4170; x_wconf 81' lang='lat' dir='ltr'>idaea</span> <span class='ocrx_word' id='word_1_199' title='bbox 2364 4085 2731 4206; x_wconf 81' lang='lat' dir='ltr'>palustris</span> <span class='ocrx_word' id='word_1_200' title='bbox 2774 4149 2802 4196; x_wconf 89' lang='lat'>,</span> <span class='ocrx_word' id='word_1_201' title='bbox 2860 4082 2964 4171; x_wconf 90' lang='grc' dir='ltr'>Β.</span> <span class='ocrx_word' id='word_1_202' title='bbox 3022 4088 3175 4199; x_wconf 82' lang='lat' dir='ltr'>pin.</span> <span class='ocrx_word' id='word_1_203' title='bbox 3243 4104 3464 4190; x_wconf 82' lang='lat'><em>471.</em></span> <span class='ocrx_word' id='word_1_204' title='bbox 3639 4100 3654 4111; x_wconf 87' lang='lat'><em>&#39;</em></span> 
     </span>
     <span class='ocr_line' id='line_1_28' title="bbox 1807 4206 3970 4329; baseline 0 -26"><span class='ocrx_word' id='word_1_205' title='bbox 1807 4212 2248 4317; x_wconf 81' lang='lat' dir='ltr'><em>oxycoccus</em></span> <span class='ocrx_word' id='word_1_206' title='bbox 2293 4206 2373 4323; x_wconf 78' lang='lat' dir='ltr'><em>s</em></span> <span class='ocrx_word' id='word_1_207' title='bbox 2433 4215 2784 4303; x_wconf 82' lang='lat' dir='ltr'>vaccinia</span> <span class='ocrx_word' id='word_1_208' title='bbox 2829 4213 3201 4329; x_wconf 69' lang='lat' dir='ltr'>paltstris</span> <span class='ocrx_word' id='word_1_209' title='bbox 3237 4279 3264 4324; x_wconf 89' lang='lat'>,</span> <span class='ocrx_word' id='word_1_210' title='bbox 3331 4215 3395 4302; x_wconf 91' lang='lat'>1.</span> <span class='ocrx_word' id='word_1_211' title='bbox 3462 4208 3559 4299; x_wconf 90' lang='grc' dir='ltr'>Β.</span> <span class='ocrx_word' id='word_1_212' title='bbox 3639 4241 3718 4303; x_wconf 76' lang='grc' dir='ltr'>ι.</span> <span class='ocrx_word' id='word_1_213' title='bbox 3754 4211 3848 4301; x_wconf 89' lang='grc' dir='ltr'>Ρ.</span> <span class='ocrx_word' id='word_1_214' title='bbox 3895 4241 3970 4304; x_wconf 86' lang='lat'>1.</span> 
     </span>
     <span class='ocr_line' id='line_1_29' title="bbox 1920 4343 3976 4561; baseline -0.001 -135"><span class='ocrx_word' id='word_1_215' title='bbox 1920 4359 2010 4462; x_wconf 77' lang='lat' dir='ltr'>p.</span> <span class='ocrx_word' id='word_1_216' title='bbox 2084 4360 2300 4450; x_wconf 78' lang='lat'>525.</span> <span class='ocrx_word' id='word_1_217' title='bbox 2360 4344 2800 4437; x_wconf 87' lang='lat' dir='ltr'><strong>TOVRN.</strong></span> <span class='ocrx_word' id='word_1_218' title='bbox 2868 4344 2946 4548; x_wconf 68' lang='grc' dir='ltr'>Ι.</span> <span class='ocrx_word' id='word_1_219' title='bbox 3009 4346 3112 4437; x_wconf 81' lang='lat' dir='ltr'>R.</span> <span class='ocrx_word' id='word_1_220' title='bbox 3181 4347 3289 4432; x_wconf 90' lang='lat' dir='ltr'>H.</span> <span class='ocrx_word' id='word_1_221' title='bbox 3343 4343 3550 4463; x_wconf 55' lang='lat' dir='ltr'>⁴App.</span> <span class='ocrx_word' id='word_1_222' title='bbox 3599 4350 3976 4561; x_wconf 47' lang='grc' dir='ltr'>1)γῖἵεί</span> 
     </span>
    </p>
   </div>
  </div>
 </body>
</html>
