4414 5652
1004 376 2257 493 INCOMPLETAE
2840 404 2956 486 π

394 706 403 715 .
588 608 735 706 cl.
799 612 1467 724 LINNAEVS,
1523 615 1619 700 ad
1682 638 1926 726 quem
1962 612 2253 700 ficcam
2299 614 2652 724 plantam
2697 633 2961 698 trans·

302 746 501 840 mifi
543 814 569 858 ,
673 774 829 863 pro
901 751 1291 835 varietate
1354 744 1583 833 habet
1650 741 2081 853 Atriplicis
2144 745 2373 829 caule
2439 745 2706 827 erec'to
2775 742 2967 827 her-

306 878 542 965 baceo
579 940 605 982 ‚
673 878 892 964 soliis
952 878 1328 965 omnibus
1391 874 1938 980 integerrimis
1982 936 2005 977 ‚
2070 873 2340 959 ROY.
2414 876 2686 983 prodr.
2763 898 2863 954 21
2894 885 2963 958 8.

303 1008 433 1111 sed
503 1010 897 1118 quoniam
959 998 1210 1107 etiam
1275 1001 1518 1105 huius
1580 1004 2015 1113 descriptio
2112 1026 2508 1113 nusquam
2610 1003 2908 1114 prostat
2948 1063 2974 1108 ,

298 1159 494 1219 eam
558 1134 938 1221 exhibere
1001 1130 1639 1218 allaborabimuS.

607 1310 871 1397 Radix
933 1308 1201 1417 rigida
1275 1312 1388 1400 est
1469 1333 1553 1399 et
1654 1313 1819 1399 fere
1913 1306 2224 1419 lignosa
2269 1376 2292 1417 ‚
2388 1307 2800 1396 biuncialis
2896 1326 2983 1396 et

296 1437 811 1549 semipedalis
902 1440 1346 1527 admodum
1391 1504 1416 1544 ‚
1517 1447 1783 1527 tenuis
1839 1457 1927 1526 et
1992 1440 2280 1553 procul
2341 1442 2587 1526 dubio
2651 1463 2910 1524 annua
2968 1500 2996 1546 ‚

306 1568 721 1652 interdum
830 1567 1181 1681 fimplex
1219 1635 1244 1680 ‚
1351 1571 1987 1680 tenuissimisque
2090 1569 2312 1656 fibris
2354 1632 2380 1677 ,
2461 1578 2676 1680 'quae
2783 1593 2996 1652 non·

306 1704 730 1806 nunquam
839 1701 1145 1809 rigidae
1238 1706 1423 1785 sunt
1464 1765 1489 1807 ,
1584 1721 1695 1786 et·
1792 1700 2221 1785 secundum
2289 1699 2633 1813 planum
2697 1699 2927 1780 varia
2967 1756 2997 1802 ,

303 1825 762 1913 dodrantali
828 1832 1240 1916 interdurn
1298 1893 1324 1938 ,
1419 1827 1943 1938 longitudine
2002 1832 2312 1916 exstant
2354 1894 2378 1937 ‚
2491 1827 2719 1912 aucta
2763 1884 2790 1929 ,
2856 1825 2992 1907 in-

304 1957 639 2041 oerdum
705 1960 791 2040 in
857 1966 1210 2070 ‘quatuor
1275 1978 1418 2045 aut
1507 1966 1863 2073 quinque
1966 1983 2233 2071 partes
2332 1958 2731 2072 palmares
2767 2006 2796 2061 ·,
2898 1955 2985 2036 in

300 2086 592 2170 imum
656 2084 1246 2193 descendentes,
1288 2090 1798 2199 ·vndulatas‚
1860 2091 2224 2198 rigidas,
2282 2088 2645 2175 candidas
2689 2149 2714 2192 ‚
2778 2105 2983 2194 pau-

306 2218 661 2340 eisque·
689 2202 912 2299 fibris
1004 2220 1367 2326 stipatas,
1430 2224 1722 2326 diuisa,
1778 2223 2010 2328 supra
2074 2220 2325 2303 etiam
2393 2213 2983 2315 minutiffimis,

301 2367 449 2433 m
472 2341 750 2425 varios
813 2343 1065 2424 sensus
1127 2350 1734 2431 excurrentibus
1777 2409 1801 2452 ,
1899 2346 2123 2429 fibris
2194 2345 2516 2450 auita,
2533 2352 2538 2359 ’
2602 2348 2689 2426 in
2786 2357 2980 2424 ortu

301 2456 814 2582 plerumque
877 2466 1180 2553 leuiter
1240 2472 1555 2556 rubens.
2999 2478 3010 2499 ’

580 2643 897 2732 'Caulis
966 2649 1340 2791 inferiora
1409 2650 1677 2738 versus
1743 2652 2062 2764 penitus
2127 2645 2524 2759 lignosus
2563 2649 2734 2761 est,
2829 2672 2982 2736 cu-

307 2778 1201 2885 bitalis,biqub1talis
1241 2844 1267 2886 ‚
1368 2800 1452 2865 et
1546 2784 1961 2868 interdum
2062 2800 2222 2865 tres
2325 2782 2633 2867 cubitos
2696 2778 2974 2887 altuS,

310 2914 589 3032 tenuis
650 2907 949 3018 saepe,
998 2912 1119 2994 sed
1192 2934 1339 2993 nec
1403 2935 1592 2994 raro
1654 2911 1877 2999 circa
1926 2930 2314 2995 exortum
2381 2935 2699 3019 cygneo
2760 2895 3004 2994 cala-

309 3067 459 3124 mo
556 3025 870 3121 craffior
911 3102 935 3145 ‚
1026 3042 1249 3121 c'irca
1330 3042 1667 3144 inferius
1768 3051 2244 3125 extremum
2347 3058 2569 3127 totus
2672 3035 2970 3152 pallide
3059 3147 3069 3158 ἱ

307 3155 777 3280 purpureus
818 3230 844 3272 ‚
933 3192 1085 3255 aut
1155 3188 1237 3251 et
1298 3169 1713 3258 laeriffime
1782 3170 2126 3275 rubeum,
2120 3179 2129 3182 ’
2233 3171 2636 3284 superiora
2699 3170 2974 3280 versus

306 3289 671 3397 rubens,
732 3314 815 3376 et
879 3283 1310 3380 lutescente
1374 3298 1643 3383 colore
1710 3297 2211 3399 maculatus,
2270 3317 2413 3380 aut
2479 3317 2562 3379 et
2628 3297 2977 3405 pulchre

308 3429 655 3530 virens,
755 3443 953 3526 cum
1053 3422 1257 3507 striis
1320 3421 1600 3528 paffim
1660 3422 2215 3507 lutescentibus
2258 3481 2282 3522 ,
2382 3426 2594 3531 (quo
2652 3424 2736 3503 in
2803 3422 2979 3504 casu
3093 3473 3100 3480 -

308 3575 589 3639 tamen
655 3545 1087 3645 ειῑςαζεῐέε
1152 3572 1586 3632 ramorum
1659 3575 1816 3632 non
1882 3575 2070 3650 raro
2144 3544 2424 3657 rubet)
2492 3551 2598 3642 in,
2644 3547 2988 3635 florente

314 3681 595 3793 planta
703 3661 1046 3796 pallidus
1161 3675 1642 3790 plerumque
1752 3693 1835 3761 et
1946 3677 2472 3762 saturioribus
2591 3680 2984 3764 viridibus

315 3812 547 3904 striis
598 3812 1029 3896 secundum
1098 3807 1702 3914 longitudinem
1799 3828 2130 3892 ornatus
2174 3871 2199 3911 ‚
2302 3808 2518 3891 intus
2623 3806 2979 3896 medulla

322 3938 498 4024 alba
553 3941 850 4024 fluetus
893 4000 916 4041 ‚
1014 3939 1285 4021 obtuse
1351 3932 1938 4046 quadrangulus
1976 3984 2003 4044 -‚
2103 3955 2244 4022 aut
2312 3931 2395 4022 et'
2459 3940 2985 4026 subrotundus

316 4087 406 4151 et
480 4088 751 4172 teres„
813 4070 1032 4177 saepe
1094 4069 1420 4167 rectus,
1505 4091 1668 4152 non
1737 4091 1923 4152 raro
1988 4088 2250 4153 tortus
2315 4085 2397 4151 et
2465 4066 2988 4180 aliquousque

312 4184 769 4284 secun'dum
822 4196 1246 4306 planitiem
1306 4219 1800 4299 excurrens»,
1897 4200 1991 4283 ab
2091 4199 2273 4282 imo
2332 4195 2464 4280 ad
2565 4181 3004 4296 su'mmum

272 4355 470 4470 Pssf
522 4311 1057 4429 mundalia,
1121 4328 1551 4414 biuncialia
1614 4347 1697 4414 et
1770 4321 2131 4428 'vncialia
2188 4325 2626 4466 interualla
2689 4354 2795 4416 ex
2859 4329 3002 4414 ad·.

452 4453 656 4542 ΡΙοπ.
700 4454 955 4544 Sibir.
992 4451 1196 4546 Τοηπ.
1236 4457 1435 4544 ΙΙΙ.
1983 4457 2061 4545 K
2547 4483 2552 4488 ·
2766 4456 3007 4545 verso‘
