4414 5652
1410 427 1603 513 ῳ,
1751 426 1760 443 ·
2054 385 3357 492 FRVCTIFL·0RAE.'

1401 615 1744 720 rariore&
1844 615 2027 715 sun't
2128 628 2294 715 illis
2351 694 2378 739 ,
2500 649 2707 742 quae
2808 644 3088 716 nutant
3132 690 3159 736 ,
3221 620 3519 714 (cilicet
3582 616 4073 742 plerumque

1394 785 1681 846 omnes
1745 754 1930 845 illae
1964 820 1989 863 ,
2055 784 2263 870 quae
2323 763 2616 846 duabus
2680 761 2937 843 vnciis
2999 760 3403 843 breuiores
3463 754 3664 846 sunt.
3830 757 4072 863 Ergo

1396 892 1747 994 nutatio=
1784 891 2183 997 spicarum
2252 885 2462 975 nihil
2523 892 2621 976 ad
2688 888 3230 973 differentiam
3283 887 3500 973 tacit.
3629 886 3826 1003 Quo
3882 881 4072 968 lon·

1392 1022 1661 1126 giores
1721 1014 1905 1103 sunt
1968 1015 2263 1126 spicae,
2321 1044 2425 1103 eo
2483 1040 2568 1103 et
2629 1013 3091 1123 graciliores
3145 1019 3356 1101 sunt.
3486 1013 3718 1101 Folia
3767 1029 4074 1100 earum

1398 1146 1867 1257 plantarum
1908 1204 1936 1251 ,
2027 1172 2232 1257 quae
2311 1149 2398 1230 in
2464 1145 2687 1234 ficcis
2739 1146 3051 1256 apertis
3084 1143 3405 1255 campis
3465 1141 4073 1255 transbaicalen·

1394 1273 1604 1360 fium
1670 1275 2110 1382 regionum
2174 1270 2586 1361 nascuntur
2623 1336 2649 1382 ,
2721 1295 2831 1361 et
2890 1276 3145 1358 etiam
3217 1294 3540 1358 earum
3577 1334 3604 1379 ,
3718 1294 3912 1383 quas
3997 1270 4071 1355 b.

1390 1389 2070 1492 STELLERVS
2135 1404 2236 1488 ad
2299 1402 2667 1491 Ochocum
2725 1423 2814 1489 et
2876 1401 3379 1487 Marecatoem
3455 1399 3752 1484 fluuios
3786 1464 3813 1507 ,
3912 1424 4078 1482 non

1404 1524 1696 1642 procul
1753 1533 1848 1617 ab
1911 1533 2241 1617 Oceano
2304 1530 2730 1638 orientali,
2786 1528 3157 1637 collegit,
3214 1526 3415 1614 lobis
3477 1532 3834 1639 praedita
3894 1533 4082 1612 sunt

1402 1658 1678 1749 multo
1739 1660 2330 1767 angustioribus.
2454 1660 2609 1748 Sed
2668 1663 2950 1745 eadem
3018 1658 3291 1768 planta
3330 1722 3360 1767 ,
3422 1658 3506 1738 in
3571 1657 3658 1743 K
3661 1646 4082 1762 amfihat-

1405 1786 1512 1875 ka
1572 1781 1828 1894 nata,
1890 1786 2079 1873 folia
2142 1790 2298 1872 fert
2340 1850 2367 1896 ,
2449 1786 2574 1874 vti
2636 1792 2896 1879 etiam
2957 1784 3319 1871 aliorum
3355 1805 3782 1891 vgenerum
3849 1784 4082 1895 plan-

1369 1932 1580 2025 etae,
1644 1914 1758 2002 ibi
1793 1934 2083 2032 natae,
2148 1905 2614 2002 notabiliter
2678 1914 3104 2027 ampliora.
3234 1915 3551 1999 Tamen
3615 1910 4085 2026 Kamtfiha-

1390 2044 1579 2131 zika
1636 2069 1802 2129 non
1854 2045 2135 2132 differt
2192 2047 2290 2131 ab
2348 2044 2743 2153 Ochoterfi
2795 2064 2946 2155 aot
3023 2042 3670 2160 transbaicalerfi
3761 2043 4093 2155 plantat

1405 2196 1613 2284 ergo
1671 2200 1819 2260 nec
1874 2176 2148 2262 differt
2214 2174 2677 2263 Americana
2716 2238 2742 2282 ,
2814 2176 3049 2262 cuius
3108 2178 3651 2260 differentiam
3718 2172 3791 2258 b.
3820 2171 4094 2268 AM,

1306 2317 1309 2318 ’
1413 2298 1840 2389 MANVS
1941 2302 2306 2389 distincte
2401 2303 2734 2413 quidem
2835 2329 3000 2391 non
3101 2305 3492 2415 proponit
3546 2366 3574 2408 ,
3670 2322 3755 2386 at
3855 2299 4094 2386 illam

1406 2455 1715 2546 ponere
1779 2430 2109 2534 videtur
2179 2433 2269 2518 in
2330 2428 2534 2516 lobis
2594 2431 2990 2520 foliorum
3054 2429 3641 2538 angustioribus
3696 2449 3783 2515 et
3862 2429 4104 2542 spicis

1409 2560 1882 2650 nutantibus
1917 2620 1942 2663 ‚
2040 2562 2228 2669 quia
2293 2556 2592 2643 scilicet
2654 2583 2820 2641 non
2919 2577 3257 2643 nouerat
3297 2618 3326 2662 ,
3416 2560 3757 2645 eandem
3833 2562 4102 2646 etiam

1416 2683 1789 2798 plantam
1851 2682 2123 2771 haberi
2186 2682 2392 2769 lobis
2451 2683 2839 2770 foliorum
2904 2684 3325 2773 latioribus
3397 2707 3488 2771 et
3588 2687 3854 2795 spicis*
3917 2712 4113 2773 ere-

1418 2815 1597 2901 stis.
1761 2812 1943 2904 Nec
2039 2808 2268 2901 color
2331 2812 2734 2925 spicarum
2798 2811 3045 2899 vllius
3107 2842 3344 2902 verae
3404 2815 3899 2897 differentiae
3963 2816 4123 2895 in·-

1420 2941 1580 3025 dex
1682 2942 1807 3024 est>
1958 2941 2234 3028 Albae
2295 2942 2554 3050 spicae
2614 2943 2704 3025 in
2770 2939 2954 3025 solis
2991 2937 3759 3051 *transbaicaletfibus
3822 2939 4126 3044 regio-

1390 3065 1650 3155 'nibus
1688 3124 1717 3171 ,
1790 3066 1887 3151 ad
1966 3066 2358 3154 oceanum
2425 3062 2910 3154 orientalem
2969 3086 3066 3155 et
3130 3071 3216 3153 in
3281 3067 3365 3153 K
3365 3065 3837 3178 amtschatka
3903 3090 4126 3175 pro-

1404 3194 1768 3301 veniunt
1808 3256 1835 3301 ,
1940 3197 2076 3283 vbi
2144 3216 2421 3282 tamen
2487 3221 2632 3281 nec
2692 3196 2976 3282 rubrae
3037 3200 3359 3303 prorius
3412 3180 3747 3279 exulant
3787 3255 3814 3300 ,
3914 3196 4122 3304 quia

1380 3325 1695 3413 -visum
1797 3320 2012 3406 mihi
2049 3316 2179 3410 ‘est
2222 3384 2247 3428 ,
2338 3348 2584 3433 quam
2649 3325 3287 3409 obseruationem
3348 3323 3615 3406 etiam
3683 3321 4117 3410 AMMA·

1427 3449 1888 3542 NIANVS
1960 3450 2160 3538 liber
2223 3453 2590 3536 continet
2634 3514 2660 3560 ,
2766 3451 3031 3537 albam
3090 3450 3314 3560 saepe
3378 3475 3521 3556 per
3578 3471 3930 3538 aetatem
4015 3452 4111 3535 in

1393 3584 1749 3675 „rubram
1805 3577 2303 3681 degenerare.
2433 3576 2586 3660 Sed
2651 3597 2970 3684 praeter
3029 3565 3261 3660 haice
3319 3578 3667 3661 rationes
3742 3579 4112 3665 auctori-

1262 3796 1267 3799 ,
1398 3727 1689 3802 ‚tatem
1758 3707 2011 3789 etiam
2083 3700 2333 3784 habeo
2397 3701 2916 3788 summorum
2993 3697 3578 3789 Botanicorum
3623 3770 3648 3811 ,
3742 3704 4110 3817 generofi

1428 3830 1960 3922 HALLERI
2025 3849 2112 3914 et
2179 3825 2315 3913 111.
2379 3826 2972 3937 LINNAEI,
3047 3832 3164 3915 ad
3226 3856 3424 3942 quos
3490 3830 3718 3919 ficcas
3796 3834 4114 3952 plantas

1420 3987 1723 4050 eorum
1787 3960 2220 4045 sententiae
2283 3958 2794 4044 resciscendae
2849 3959 3071 4046 caula
3155 3960 3556 4043 transmisi
3598 4026 3623 4067 ,
3709 3966 4104 4073 posterior

1370 4168 1377 4186 k
1430 4111 1718 4179 xamen
1764 4112 1958 4176 eam
2016 4082 2182 4199 “pro
2243 4083 2609 4172 distincta
2669 4089 2927 4200 specie
2989 4089 3076 4177 in
3119 4089 3531 4227 :speciebus
3585 4096 3996 4208 proponit.

3750 4477 4106 4569 Mallem
