<?xml version="1.0" encoding="UTF-8"?>
<!DOCTYPE html PUBLIC "-//W3C//DTD XHTML 1.0 Transitional//EN"
    "http://www.w3.org/TR/xhtml1/DTD/xhtml1-transitional.dtd">
<html xmlns="http://www.w3.org/1999/xhtml" xml:lang="en" lang="en">
 <head>
  <title>
</title>
<meta http-equiv="Content-Type" content="text/html;charset=utf-8" />
  <meta name='ocr-system' content='tesseract 3.04.00' />
  <meta name='ocr-capabilities' content='ocr_page ocr_carea ocr_par ocr_line ocrx_word'/>
</head>
<body>
  <div class='ocr_page' id='page_1' title='image "./florasibiricasi01gmelgoog_0088.png"; bbox 0 0 4414 5652; ppageno 0'>
   <div class='ocr_carea' id='block_1_1' title="bbox 1460 436 3395 552">
    <p class='ocr_par' dir='ltr' id='par_1_1' title="bbox 1460 436 3395 552">
     <span class='ocr_line' id='line_1_1' title="bbox 1460 436 3395 552; baseline 0.001 -18"><span class='ocrx_word' id='word_1_1' title='bbox 1460 459 1581 552; x_wconf 76' lang='lat'>84</span> <span class='ocrx_word' id='word_1_2' title='bbox 2154 436 3395 536; x_wconf 85' lang='lat' dir='ltr'><strong>INCOMPLETAE.</strong></span> 
     </span>
    </p>
   </div>
   <div class='ocr_carea' id='block_1_2' title="bbox 1428 672 4125 2472">
    <p class='ocr_par' dir='ltr' id='par_1_2' title="bbox 1454 672 4111 920">
     <span class='ocr_line' id='line_1_2' title="bbox 1455 672 4111 790; baseline 0.003 -29"><span class='ocrx_word' id='word_1_3' title='bbox 1455 699 1636 761; x_wconf 87' lang='lat' dir='ltr'>mos</span> <span class='ocrx_word' id='word_1_4' title='bbox 1698 696 1973 761; x_wconf 86' lang='lat' dir='ltr'>ramos</span> <span class='ocrx_word' id='word_1_5' title='bbox 2027 676 2377 765; x_wconf 87' lang='lat' dir='ltr'>alternos</span> <span class='ocrx_word' id='word_1_6' title='bbox 2439 672 2957 790; x_wconf 87' lang='lat' dir='ltr'>ramulosque</span> <span class='ocrx_word' id='word_1_7' title='bbox 3018 673 3496 767; x_wconf 86' lang='lat' dir='ltr'>diuiduntur</span> <span class='ocrx_word' id='word_1_8' title='bbox 3518 738 3546 785; x_wconf 88' lang='lat'>,</span> <span class='ocrx_word' id='word_1_9' title='bbox 3609 677 3844 772; x_wconf 77' lang='lat' dir='ltr'>valde</span> <span class='ocrx_word' id='word_1_10' title='bbox 3878 679 3955 766; x_wconf 88' lang='lat' dir='ltr'>in</span> <span class='ocrx_word' id='word_1_11' title='bbox 3992 678 4111 770; x_wconf 85' lang='lat' dir='ltr'>la-</span> 
     </span>
     <span class='ocr_line' id='line_1_3' title="bbox 1454 807 2116 920; baseline -0.003 -30"><span class='ocrx_word' id='word_1_12' title='bbox 1454 822 1641 890; x_wconf 88' lang='lat' dir='ltr'>tum</span> <span class='ocrx_word' id='word_1_13' title='bbox 1700 807 2116 920; x_wconf 83' lang='lat' dir='ltr'>expansos.</span> 
     </span>
    </p>

    <p class='ocr_par' dir='ltr' id='par_1_3' title="bbox 1428 933 4124 1930">
     <span class='ocr_line' id='line_1_4' title="bbox 1754 933 4113 1049; baseline 0 -26"><span class='ocrx_word' id='word_1_14' title='bbox 1754 937 1986 1025; x_wconf 86' lang='lat' dir='ltr'>Folia</span> <span class='ocrx_word' id='word_1_15' title='bbox 2049 961 2154 1024; x_wconf 84' lang='lat' dir='ltr'>ex</span> <span class='ocrx_word' id='word_1_16' title='bbox 2217 933 2504 1025; x_wconf 83' lang='lat' dir='ltr'>lineari</span> <span class='ocrx_word' id='word_1_17' title='bbox 2568 935 3003 1023; x_wconf 80' lang='lat' dir='ltr'>lanceolata</span> <span class='ocrx_word' id='word_1_18' title='bbox 3074 938 3239 1024; x_wconf 86' lang='lat' dir='ltr'>fine</span> <span class='ocrx_word' id='word_1_19' title='bbox 3307 940 3589 1049; x_wconf 88' lang='lat' dir='ltr'>petioli</span> <span class='ocrx_word' id='word_1_20' title='bbox 3653 941 4113 1025; x_wconf 84' lang='lat' dir='ltr'>interuentu</span> 
     </span>
     <span class='ocr_line' id='line_1_5' title="bbox 1443 1063 4115 1179; baseline 0.002 -28"><span class='ocrx_word' id='word_1_21' title='bbox 1443 1067 1540 1151; x_wconf 85' lang='lat' dir='ltr'>ad</span> <span class='ocrx_word' id='word_1_22' title='bbox 1610 1067 2125 1173; x_wconf 88' lang='lat' dir='ltr'>fingulorum</span> <span class='ocrx_word' id='word_1_23' title='bbox 2191 1092 2621 1153; x_wconf 87' lang='lat' dir='ltr'>ramorum</span> <span class='ocrx_word' id='word_1_24' title='bbox 2689 1063 3375 1179; x_wconf 87' lang='lat' dir='ltr'>ramulorumque</span> <span class='ocrx_word' id='word_1_25' title='bbox 3452 1090 3847 1155; x_wconf 85' lang='lat' dir='ltr'>exortum</span> <span class='ocrx_word' id='word_1_26' title='bbox 3928 1069 4115 1155; x_wconf 77' lang='lat' dir='ltr'>affi-</span> 
     </span>
     <span class='ocr_line' id='line_1_6' title="bbox 1444 1193 4120 1307; baseline 0.001 -30"><span class='ocrx_word' id='word_1_27' title='bbox 1444 1216 1759 1304; x_wconf 85' lang='lat' dir='ltr'>guntur</span> <span class='ocrx_word' id='word_1_28' title='bbox 1800 1261 1826 1305; x_wconf 89' lang='lat'>‚</span> <span class='ocrx_word' id='word_1_29' title='bbox 1893 1193 2143 1279; x_wconf 86' lang='lat' dir='ltr'>nullis</span> <span class='ocrx_word' id='word_1_30' title='bbox 2204 1196 2432 1282; x_wconf 74' lang='lat' dir='ltr'>venis</span> <span class='ocrx_word' id='word_1_31' title='bbox 2496 1194 2860 1281; x_wconf 65' lang='lat' dir='ltr'>distinsta</span> <span class='ocrx_word' id='word_1_32' title='bbox 2901 1261 2929 1306; x_wconf 87' lang='lat'><strong><em>‚</em></strong></span> <span class='ocrx_word' id='word_1_33' title='bbox 3025 1194 3230 1283; x_wconf 80' lang='lat' dir='ltr'>laete</span> <span class='ocrx_word' id='word_1_34' title='bbox 3309 1197 3606 1284; x_wconf 75' lang='lat' dir='ltr'>viridia</span> <span class='ocrx_word' id='word_1_35' title='bbox 3650 1260 3676 1302; x_wconf 90' lang='lat'>‚</span> <span class='ocrx_word' id='word_1_36' title='bbox 3772 1199 3858 1281; x_wconf 86' lang='lat' dir='ltr'>in</span> <span class='ocrx_word' id='word_1_37' title='bbox 3962 1198 4056 1281; x_wconf 79' lang='lat' dir='ltr'>iis</span> <span class='ocrx_word' id='word_1_38' title='bbox 4092 1262 4120 1307; x_wconf 87' lang='lat'><strong><em>‚</em></strong></span> 
     </span>
     <span class='ocr_line' id='line_1_7' title="bbox 1428 1325 4122 1436; baseline 0.001 -27"><span class='ocrx_word' id='word_1_39' title='bbox 1428 1329 1730 1436; x_wconf 86' lang='lat' dir='ltr'>quibus</span> <span class='ocrx_word' id='word_1_40' title='bbox 1797 1329 2047 1412; x_wconf 84' lang='lat' dir='ltr'>caulis</span> <span class='ocrx_word' id='word_1_41' title='bbox 2102 1326 2341 1410; x_wconf 90' lang='lat' dir='ltr'>rubet</span> <span class='ocrx_word' id='word_1_42' title='bbox 2382 1389 2406 1433; x_wconf 86' lang='lat'>‚</span> <span class='ocrx_word' id='word_1_43' title='bbox 2470 1327 2692 1436; x_wconf 85' lang='lat' dir='ltr'>saepe</span> <span class='ocrx_word' id='word_1_44' title='bbox 2758 1344 2931 1412; x_wconf 84' lang='lat' dir='ltr'>tota</span> <span class='ocrx_word' id='word_1_45' title='bbox 2996 1325 3234 1409; x_wconf 88' lang='lat' dir='ltr'>rubra</span> <span class='ocrx_word' id='word_1_46' title='bbox 3274 1388 3303 1431; x_wconf 84' lang='lat'>‚</span> <span class='ocrx_word' id='word_1_47' title='bbox 3357 1345 3502 1410; x_wconf 80' lang='lat' dir='ltr'>aut</span> <span class='ocrx_word' id='word_1_48' title='bbox 3586 1350 3747 1408; x_wconf 81' lang='lat' dir='ltr'>vna</span> <span class='ocrx_word' id='word_1_49' title='bbox 3846 1329 4122 1436; x_wconf 85' lang='lat' dir='ltr'>super-</span> 
     </span>
     <span class='ocr_line' id='line_1_8' title="bbox 1442 1450 4123 1563; baseline 0.001 -26"><span class='ocrx_word' id='word_1_50' title='bbox 1442 1452 1628 1540; x_wconf 87' lang='lat' dir='ltr'>ficie</span> <span class='ocrx_word' id='word_1_51' title='bbox 1691 1461 1927 1544; x_wconf 87' lang='lat' dir='ltr'>rubra</span> <span class='ocrx_word' id='word_1_52' title='bbox 1976 1521 2005 1563; x_wconf 88' lang='lat'>‚</span> <span class='ocrx_word' id='word_1_53' title='bbox 2066 1450 2317 1557; x_wconf 78' lang='lat' dir='ltr'>altera</span> <span class='ocrx_word' id='word_1_54' title='bbox 2385 1455 2683 1540; x_wconf 78' lang='lat' dir='ltr'>viridia</span> <span class='ocrx_word' id='word_1_55' title='bbox 2741 1515 2767 1560; x_wconf 89' lang='lat'>,</span> <span class='ocrx_word' id='word_1_56' title='bbox 2831 1456 3156 1541; x_wconf 84' lang='lat' dir='ltr'>tandem</span> <span class='ocrx_word' id='word_1_57' title='bbox 3219 1479 3325 1540; x_wconf 86' lang='lat' dir='ltr'>ex</span> <span class='ocrx_word' id='word_1_58' title='bbox 3387 1453 3677 1541; x_wconf 78' lang='lat' dir='ltr'>vltimi</span> <span class='ocrx_word' id='word_1_59' title='bbox 3740 1452 3917 1537; x_wconf 78' lang='lat' dir='ltr'>folii</span> <span class='ocrx_word' id='word_1_60' title='bbox 3998 1454 4123 1541; x_wconf 81' lang='lat' dir='ltr'>ala</span> 
     </span>
     <span class='ocr_line' id='line_1_9' title="bbox 1438 1579 4124 1698; baseline 0.001 -32"><span class='ocrx_word' id='word_1_61' title='bbox 1438 1582 1604 1669; x_wconf 89' lang='lat' dir='ltr'>duo</span> <span class='ocrx_word' id='word_1_62' title='bbox 1652 1591 1980 1698; x_wconf 72' lang='lat' dir='ltr'>‚semper</span> <span class='ocrx_word' id='word_1_63' title='bbox 2046 1585 2384 1690; x_wconf 86' lang='lat' dir='ltr'>surgunt</span> <span class='ocrx_word' id='word_1_64' title='bbox 2460 1585 2842 1689; x_wconf 76' lang='lat' dir='ltr'>racemi,</span> <span class='ocrx_word' id='word_1_65' title='bbox 2936 1579 3393 1692; x_wconf 85' lang='lat' dir='ltr'>longissime</span> <span class='ocrx_word' id='word_1_66' title='bbox 3485 1602 3579 1668; x_wconf 88' lang='lat' dir='ltr'>et</span> <span class='ocrx_word' id='word_1_67' title='bbox 3667 1582 3774 1665; x_wconf 85' lang='lat' dir='ltr'>ad</span> <span class='ocrx_word' id='word_1_68' title='bbox 3860 1581 4124 1672; x_wconf 83' lang='lat' dir='ltr'>finem</span> 
     </span>
     <span class='ocr_line' id='line_1_10' title="bbox 1443 1707 4122 1823; baseline 0.001 -27"><span class='ocrx_word' id='word_1_69' title='bbox 1443 1736 1699 1823; x_wconf 74' lang='lat' dir='ltr'>vsque</span> <span class='ocrx_word' id='word_1_70' title='bbox 1763 1739 1907 1822; x_wconf 86' lang='lat' dir='ltr'>per</span> <span class='ocrx_word' id='word_1_71' title='bbox 1969 1711 2570 1799; x_wconf 87' lang='lat' dir='ltr'>dichotomiam</span> <span class='ocrx_word' id='word_1_72' title='bbox 2634 1710 2870 1800; x_wconf 73' lang='lat' dir='ltr'>diuisi</span> <span class='ocrx_word' id='word_1_73' title='bbox 2914 1776 2940 1822; x_wconf 88' lang='lat'>‚</span> <span class='ocrx_word' id='word_1_74' title='bbox 3011 1733 3108 1799; x_wconf 82' lang='lat' dir='ltr'>vt</span> <span class='ocrx_word' id='word_1_75' title='bbox 3174 1718 3501 1801; x_wconf 82' lang='lat' dir='ltr'>tandem</span> <span class='ocrx_word' id='word_1_76' title='bbox 3567 1707 3913 1797; x_wconf 79' lang='lat' dir='ltr'>vltimae</span> <span class='ocrx_word' id='word_1_77' title='bbox 3990 1713 4122 1800; x_wconf 85' lang='lat' dir='ltr'>di-</span> 
     </span>
     <span class='ocr_line' id='line_1_11' title="bbox 1440 1841 2493 1930; baseline -0.002 -5"><span class='ocrx_word' id='word_1_78' title='bbox 1440 1841 1797 1930; x_wconf 68' lang='lat' dir='ltr'>visiones</span> <span class='ocrx_word' id='word_1_79' title='bbox 1854 1844 2049 1930; x_wconf 82' lang='lat' dir='ltr'>setas</span> <span class='ocrx_word' id='word_1_80' title='bbox 2118 1847 2493 1927; x_wconf 85' lang='lat' dir='ltr'>referant.</span> 
     </span>
    </p>

    <p class='ocr_par' dir='ltr' id='par_1_4' title="bbox 1432 1969 4125 2472">
     <span class='ocr_line' id='line_1_12' title="bbox 1753 1969 4121 2084; baseline 0.001 -26"><span class='ocrx_word' id='word_1_81' title='bbox 1753 1972 1945 2058; x_wconf 85' lang='lat' dir='ltr'>Alis</span> <span class='ocrx_word' id='word_1_82' title='bbox 2005 1970 2522 2081; x_wconf 84' lang='lat' dir='ltr'>fingularum</span> <span class='ocrx_word' id='word_1_83' title='bbox 2579 1970 3150 2083; x_wconf 75' lang='lat' dir='ltr'>diuffionum,</span> <span class='ocrx_word' id='word_1_84' title='bbox 3212 1977 3300 2061; x_wconf 90' lang='lat' dir='ltr'>in</span> <span class='ocrx_word' id='word_1_85' title='bbox 3365 1993 3560 2084; x_wconf 83' lang='lat' dir='ltr'>quas</span> <span class='ocrx_word' id='word_1_86' title='bbox 3625 1969 3923 2057; x_wconf 86' lang='lat' dir='ltr'>abeunt</span> <span class='ocrx_word' id='word_1_87' title='bbox 3989 1998 4121 2060; x_wconf 84' lang='lat' dir='ltr'>ra·</span> 
     </span>
     <span class='ocr_line' id='line_1_13' title="bbox 1437 2100 4124 2223; baseline 0.002 -39"><span class='ocrx_word' id='word_1_88' title='bbox 1437 2104 1718 2207; x_wconf 85' lang='lat' dir='ltr'>cemi,</span> <span class='ocrx_word' id='word_1_89' title='bbox 1781 2101 2068 2189; x_wconf 74' lang='lat' dir='ltr'>insidet</span> <span class='ocrx_word' id='word_1_90' title='bbox 2131 2104 2398 2189; x_wconf 87' lang='lat' dir='ltr'>semen</span> <span class='ocrx_word' id='word_1_91' title='bbox 2464 2133 2512 2191; x_wconf 90' lang='lat' dir='ltr'>e</span> <span class='ocrx_word' id='word_1_92' title='bbox 2574 2108 2933 2192; x_wconf 89' lang='lat' dir='ltr'>rotundo</span> <span class='ocrx_word' id='word_1_93' title='bbox 2994 2103 3522 2218; x_wconf 86' lang='lat' dir='ltr'>depreffum,</span> <span class='ocrx_word' id='word_1_94' title='bbox 3581 2127 3627 2186; x_wconf 89' lang='lat' dir='ltr'>e</span> <span class='ocrx_word' id='word_1_95' title='bbox 3690 2100 3911 2223; x_wconf 59' lang='lat' dir='ltr'>{usco</span> <span class='ocrx_word' id='word_1_96' title='bbox 3989 2106 4124 2189; x_wconf 85' lang='lat' dir='ltr'>ni·</span> 
     </span>
     <span class='ocr_line' id='line_1_14' title="bbox 1434 2224 4124 2345; baseline 0.003 -35"><span class='ocrx_word' id='word_1_97' title='bbox 1434 2232 1817 2337; x_wconf 87' lang='lat' dir='ltr'>gricans‚</span> <span class='ocrx_word' id='word_1_98' title='bbox 1880 2235 2117 2344; x_wconf 85' lang='lat' dir='ltr'>supra</span> <span class='ocrx_word' id='word_1_99' title='bbox 2182 2231 2498 2317; x_wconf 76' lang='lat' dir='ltr'>foueola</span> <span class='ocrx_word' id='word_1_100' title='bbox 2562 2232 3075 2345; x_wconf 80' lang='lat' dir='ltr'>exsculptum</span> <span class='ocrx_word' id='word_1_101' title='bbox 3116 2298 3142 2341; x_wconf 90' lang='lat'>,</span> <span class='ocrx_word' id='word_1_102' title='bbox 3234 2234 3453 2343; x_wconf 83' lang='lat' dir='ltr'>quod</span> <span class='ocrx_word' id='word_1_103' title='bbox 3537 2224 3809 2337; x_wconf 77' lang='lat' dir='ltr'>calyce</span> <span class='ocrx_word' id='word_1_104' title='bbox 3870 2233 4124 2342; x_wconf 88' lang='lat' dir='ltr'>quin-</span> 
     </span>
     <span class='ocr_line' id='line_1_15' title="bbox 1432 2358 4125 2472; baseline 0.001 -26"><span class='ocrx_word' id='word_1_105' title='bbox 1432 2358 1832 2469; x_wconf 82' lang='lat' dir='ltr'>quefido,</span> <span class='ocrx_word' id='word_1_106' title='bbox 1891 2361 2175 2469; x_wconf 86' lang='lat' dir='ltr'>paffim</span> <span class='ocrx_word' id='word_1_107' title='bbox 2240 2360 2511 2446; x_wconf 88' lang='lat' dir='ltr'>carnei</span> <span class='ocrx_word' id='word_1_108' title='bbox 2583 2360 2909 2448; x_wconf 88' lang='lat' dir='ltr'>coloris</span> <span class='ocrx_word' id='word_1_109' title='bbox 3012 2362 3359 2449; x_wconf 66' lang='lat' dir='ltr'>tinstura</span> <span class='ocrx_word' id='word_1_110' title='bbox 3463 2360 3770 2472; x_wconf 88' lang='lat' dir='ltr'>asperso</span> <span class='ocrx_word' id='word_1_111' title='bbox 3809 2422 3838 2463; x_wconf 86' lang='lat'><strong>,</strong></span> <span class='ocrx_word' id='word_1_112' title='bbox 3939 2383 4125 2448; x_wconf 87' lang='lat' dir='ltr'>tan-</span> 
     </span>
    </p>
   </div>
   <div class='ocr_carea' id='block_1_3' title="bbox 1433 2484 4276 2601">
    <p class='ocr_par' dir='ltr' id='par_1_5' title="bbox 1433 2484 4276 2621">
     <span class='ocr_line' id='line_1_16' title="bbox 1433 2484 4276 2601; baseline 0.002 -32"><span class='ocrx_word' id='word_1_113' title='bbox 1433 2508 1683 2595; x_wconf 88' lang='lat' dir='ltr'>quam</span> <span class='ocrx_word' id='word_1_114' title='bbox 1748 2486 2069 2598; x_wconf 86' lang='lat' dir='ltr'>capsula</span> <span class='ocrx_word' id='word_1_115' title='bbox 2135 2484 2625 2570; x_wconf 90' lang='lat' dir='ltr'>inuoluitur.</span> <span class='ocrx_word' id='word_1_116' title='bbox 2758 2487 3133 2575; x_wconf 86' lang='lat' dir='ltr'>Stamina</span> <span class='ocrx_word' id='word_1_117' title='bbox 3190 2508 3275 2572; x_wconf 88' lang='lat' dir='ltr'>et</span> <span class='ocrx_word' id='word_1_118' title='bbox 3338 2488 3635 2601; x_wconf 80' lang='lat' dir='ltr'>pistilla</span> <span class='ocrx_word' id='word_1_119' title='bbox 3700 2485 3919 2572; x_wconf 88' lang='lat' dir='ltr'>nihil</span> <span class='ocrx_word' id='word_1_120' title='bbox 3988 2516 4129 2576; x_wconf 87' lang='lat' dir='ltr'>re·</span> <span class='ocrx_word' id='word_1_121' title='bbox 4267 2510 4276 2521; x_wconf 80' lang='lat'><strong><em>‘</em></strong></span> 
     </span>
    </p>
   </div>
   <div class='ocr_carea' id='block_1_4' title="bbox 1424 2613 4239 4410">
    <p class='ocr_par' dir='ltr' id='par_1_6' title="bbox 1425 2613 2756 2720">
     <span class='ocr_line' id='line_1_17' title="bbox 1425 2613 2756 2720; baseline -0.008 -17"><span class='ocrx_word' id='word_1_122' title='bbox 1425 2618 1725 2705; x_wconf 79' lang='lat' dir='ltr'>cedunt</span> <span class='ocrx_word' id='word_1_123' title='bbox 1788 2640 1836 2696; x_wconf 92' lang='lat' dir='ltr'>a</span> <span class='ocrx_word' id='word_1_124' title='bbox 1898 2613 2356 2701; x_wconf 68' lang='lat' dir='ltr'>charactere</span> <span class='ocrx_word' id='word_1_125' title='bbox 2418 2614 2756 2720; x_wconf 86' lang='lat' dir='ltr'>generis.</span> 
     </span>
    </p>

    <p class='ocr_par' dir='ltr' id='par_1_7' title="bbox 1424 2730 4239 3739">
     <span class='ocr_line' id='line_1_18' title="bbox 1733 2730 4127 2860; baseline 0.002 -29"><span class='ocrx_word' id='word_1_126' title='bbox 1733 2739 1903 2831; x_wconf 91' lang='lat' dir='ltr'>Sub</span> <span class='ocrx_word' id='word_1_127' title='bbox 1958 2743 2340 2832; x_wconf 82' lang='lat' dir='ltr'>autumni</span> <span class='ocrx_word' id='word_1_128' title='bbox 2408 2730 2782 2856; x_wconf 83' lang='lat' dir='ltr'>tempore</span> <span class='ocrx_word' id='word_1_129' title='bbox 2849 2763 3024 2832; x_wconf 87' lang='lat' dir='ltr'>tota</span> <span class='ocrx_word' id='word_1_130' title='bbox 3089 2745 3362 2860; x_wconf 84' lang='lat' dir='ltr'>planta</span> <span class='ocrx_word' id='word_1_131' title='bbox 3430 2742 3772 2834; x_wconf 82' lang='lat' dir='ltr'>lichenis</span> <span class='ocrx_word' id='word_1_132' title='bbox 3870 2748 4127 2838; x_wconf 82' lang='lat' dir='ltr'>instar</span> 
     </span>
     <span class='ocr_line' id='line_1_19' title="bbox 1430 2869 4239 2984; baseline 0 -20"><span class='ocrx_word' id='word_1_133' title='bbox 1430 2880 1629 2964; x_wconf 78' lang='lat' dir='ltr'>dura</span> <span class='ocrx_word' id='word_1_134' title='bbox 1690 2876 1963 2963; x_wconf 90' lang='lat' dir='ltr'>euadit</span> <span class='ocrx_word' id='word_1_135' title='bbox 2002 2941 2030 2982; x_wconf 88' lang='lat'>‚</span> <span class='ocrx_word' id='word_1_136' title='bbox 2094 2869 2462 2957; x_wconf 90' lang='lat' dir='ltr'>colorem</span> <span class='ocrx_word' id='word_1_137' title='bbox 2545 2871 2967 2984; x_wconf 84' lang='lat' dir='ltr'>palaceum</span> <span class='ocrx_word' id='word_1_138' title='bbox 3067 2880 3334 2962; x_wconf 90' lang='lat' dir='ltr'>induit</span> <span class='ocrx_word' id='word_1_139' title='bbox 3372 2938 3398 2980; x_wconf 85' lang='lat'>‚</span> <span class='ocrx_word' id='word_1_140' title='bbox 3491 2898 3576 2962; x_wconf 92' lang='lat' dir='ltr'>et</span> <span class='ocrx_word' id='word_1_141' title='bbox 3669 2881 4131 2964; x_wconf 87' lang='lat' dir='ltr'>rotundam</span> <span class='ocrx_word' id='word_1_142' title='bbox 4225 2924 4239 2944; x_wconf 85' lang='lat'><strong>·</strong></span> 
     </span>
     <span class='ocr_line' id='line_1_20' title="bbox 1433 3004 4131 3116; baseline -0 -23"><span class='ocrx_word' id='word_1_143' title='bbox 1433 3006 1789 3093; x_wconf 63' lang='lat' dir='ltr'>formam</span> <span class='ocrx_word' id='word_1_144' title='bbox 1850 3021 2503 3112; x_wconf 84' lang='lat' dir='ltr'>contorquetur;</span> <span class='ocrx_word' id='word_1_145' title='bbox 2566 3028 2816 3109; x_wconf 87' lang='lat' dir='ltr'>quam</span> <span class='ocrx_word' id='word_1_146' title='bbox 2879 3004 3167 3091; x_wconf 67' lang='lat' dir='ltr'>ficiem</span> <span class='ocrx_word' id='word_1_147' title='bbox 3234 3006 3322 3083; x_wconf 91' lang='lat' dir='ltr'>in</span> <span class='ocrx_word' id='word_1_148' title='bbox 3404 3026 3552 3086; x_wconf 81' lang='lat' dir='ltr'>ver</span> <span class='ocrx_word' id='word_1_149' title='bbox 3644 3025 3897 3116; x_wconf 61' lang='lat' dir='ltr'>Vsque</span> <span class='ocrx_word' id='word_1_150' title='bbox 4005 3016 4131 3092; x_wconf 73' lang='lat' dir='ltr'>Ie-</span> 
     </span>
     <span class='ocr_line' id='line_1_21' title="bbox 1432 3129 4164 3249; baseline 0.004 -39"><span class='ocrx_word' id='word_1_151' title='bbox 1432 3137 1760 3249; x_wconf 76' lang='lat' dir='ltr'>quentis</span> <span class='ocrx_word' id='word_1_152' title='bbox 1804 3139 1999 3234; x_wconf 13' lang='lat' dir='ltr'>*armi</span> <span class='ocrx_word' id='word_1_153' title='bbox 2069 3131 2391 3221; x_wconf 76' lang='lat' dir='ltr'>retinet.</span> <span class='ocrx_word' id='word_1_154' title='bbox 2524 3129 2793 3216; x_wconf 85' lang='lat' dir='ltr'>Facile</span> <span class='ocrx_word' id='word_1_155' title='bbox 2857 3134 3107 3216; x_wconf 83' lang='lat' dir='ltr'>etiam</span> <span class='ocrx_word' id='word_1_156' title='bbox 3171 3148 3367 3214; x_wconf 89' lang='lat' dir='ltr'>tunc</span> <span class='ocrx_word' id='word_1_157' title='bbox 3434 3137 3836 3241; x_wconf 82' lang='lat' dir='ltr'>temporis</span> <span class='ocrx_word' id='word_1_158' title='bbox 3881 3133 4164 3222; x_wconf 79' lang='lat' dir='ltr'>radix&#39;</span> 
     </span>
     <span class='ocr_line' id='line_1_22' title="bbox 1435 3257 4135 3372; baseline 0 -25"><span class='ocrx_word' id='word_1_159' title='bbox 1435 3287 1481 3347; x_wconf 70' lang='grc' dir='ltr'><strong>ε</strong></span> <span class='ocrx_word' id='word_1_160' title='bbox 1542 3287 1982 3355; x_wconf 84' lang='lat' dir='ltr'>ventorum</span> <span class='ocrx_word' id='word_1_161' title='bbox 2048 3266 2139 3351; x_wconf 72' lang='lat' dir='ltr'>vi</span> <span class='ocrx_word' id='word_1_162' title='bbox 2201 3257 2582 3346; x_wconf 87' lang='lat' dir='ltr'>euellitur</span> <span class='ocrx_word' id='word_1_163' title='bbox 2626 3319 2654 3362; x_wconf 83' lang='lat'><strong>,</strong></span> <span class='ocrx_word' id='word_1_164' title='bbox 2745 3278 2829 3343; x_wconf 90' lang='lat' dir='ltr'>et</span> <span class='ocrx_word' id='word_1_165' title='bbox 2911 3261 3179 3372; x_wconf 85' lang='lat' dir='ltr'>planta</span> <span class='ocrx_word' id='word_1_166' title='bbox 3247 3263 3333 3343; x_wconf 87' lang='lat' dir='ltr'>in</span> <span class='ocrx_word' id='word_1_167' title='bbox 3398 3264 3711 3368; x_wconf 85' lang='lat' dir='ltr'>campis</span> <span class='ocrx_word' id='word_1_168' title='bbox 3776 3261 3943 3345; x_wconf 86' lang='lat' dir='ltr'>hnc</span> <span class='ocrx_word' id='word_1_169' title='bbox 4009 3264 4135 3348; x_wconf 84' lang='lat' dir='ltr'>il·-</span> 
     </span>
     <span class='ocr_line' id='line_1_23' title="bbox 1424 3387 4130 3506; baseline -0 -28"><span class='ocrx_word' id='word_1_170' title='bbox 1424 3392 1559 3486; x_wconf 91' lang='lat' dir='ltr'>luc</span> <span class='ocrx_word' id='word_1_171' title='bbox 1628 3399 1991 3506; x_wconf 73' lang='lat' dir='ltr'>agitatur</span> <span class='ocrx_word' id='word_1_172' title='bbox 2032 3462 2058 3506; x_wconf 84' lang='lat'>,</span> <span class='ocrx_word' id='word_1_173' title='bbox 2121 3413 2205 3483; x_wconf 89' lang='lat' dir='ltr'>et</span> <span class='ocrx_word' id='word_1_174' title='bbox 2276 3415 2732 3502; x_wconf 87' lang='lat' dir='ltr'>puerorum</span> <span class='ocrx_word' id='word_1_175' title='bbox 2800 3387 3099 3475; x_wconf 77' lang='lat' dir='ltr'>lusibus</span> <span class='ocrx_word' id='word_1_176' title='bbox 3166 3389 3550 3489; x_wconf 79' lang='lat' dir='ltr'>inseruit,</span> <span class='ocrx_word' id='word_1_177' title='bbox 3578 3405 3838 3474; x_wconf 83' lang='lat' dir='ltr'>totam</span> <span class='ocrx_word' id='word_1_178' title='bbox 3875 3387 4130 3498; x_wconf 81' lang='lat' dir='ltr'>plan-</span> 
     </span>
     <span class='ocr_line' id='line_1_24' title="bbox 1430 3514 4130 3632; baseline -0.002 -22"><span class='ocrx_word' id='word_1_179' title='bbox 1430 3547 1606 3609; x_wconf 77' lang='lat' dir='ltr'>tam</span> <span class='ocrx_word' id='word_1_180' title='bbox 1675 3526 2262 3632; x_wconf 75' lang='lat' dir='ltr'>capillamento</span> <span class='ocrx_word' id='word_1_181' title='bbox 2319 3518 3032 3628; x_wconf 83' lang='lat' dir='ltr'>comparantium,</span> <span class='ocrx_word' id='word_1_182' title='bbox 3091 3535 3179 3597; x_wconf 91' lang='lat' dir='ltr'>et</span> <span class='ocrx_word' id='word_1_183' title='bbox 3232 3518 3448 3599; x_wconf 90' lang='lat' dir='ltr'>dono</span> <span class='ocrx_word' id='word_1_184' title='bbox 3514 3514 3656 3598; x_wconf 86' lang='lat' dir='ltr'>fibi</span> <span class='ocrx_word' id='word_1_185' title='bbox 3750 3519 4130 3612; x_wconf 84' lang='lat' dir='ltr'>inuicem</span> 
     </span>
     <span class='ocr_line' id='line_1_25' title="bbox 1424 3650 1945 3739; baseline -0.021 -2"><span class='ocrx_word' id='word_1_186' title='bbox 1424 3650 1945 3739; x_wconf 81' lang='lat' dir='ltr'>donantium.</span> 
     </span>
    </p>

    <p class='ocr_par' dir='ltr' id='par_1_8' title="bbox 1426 3768 4117 4148">
     <span class='ocr_line' id='line_1_26' title="bbox 1736 3768 4116 3869; baseline -0.006 -7"><span class='ocrx_word' id='word_1_187' title='bbox 1736 3775 1954 3862; x_wconf 69' lang='lat' dir='ltr'>Iulio</span> <span class='ocrx_word' id='word_1_188' title='bbox 2025 3768 2291 3856; x_wconf 66' lang='lat' dir='ltr'>mente</span> <span class='ocrx_word' id='word_1_189' title='bbox 2352 3773 2559 3858; x_wconf 80' lang='lat' dir='ltr'>cirea</span> <span class='ocrx_word' id='word_1_190' title='bbox 2623 3769 3003 3856; x_wconf 82' lang='lat' dir='ltr'>Ircutiam</span> <span class='ocrx_word' id='word_1_191' title='bbox 3068 3768 3353 3855; x_wconf 67' lang='lat' dir='ltr'>vrbem</span> <span class='ocrx_word' id='word_1_192' title='bbox 3419 3790 3507 3858; x_wconf 91' lang='lat' dir='ltr'>et</span> <span class='ocrx_word' id='word_1_193' title='bbox 3573 3770 3843 3859; x_wconf 80' lang='lat' dir='ltr'>lacum</span> <span class='ocrx_word' id='word_1_194' title='bbox 3918 3780 4116 3869; x_wconf 70' lang='grc' dir='ltr'><em>Βαῑ.</em></span> 
     </span>
     <span class='ocr_line' id='line_1_27' title="bbox 1428 3897 4117 4013; baseline 0.001 -21"><span class='ocrx_word' id='word_1_195' title='bbox 1428 3906 1666 3992; x_wconf 69' lang='lat' dir='ltr'>colem</span> <span class='ocrx_word' id='word_1_196' title='bbox 1728 3926 1811 3992; x_wconf 90' lang='lat' dir='ltr'>et</span> <span class='ocrx_word' id='word_1_197' title='bbox 1876 3909 1961 3988; x_wconf 79' lang='lat' dir='ltr'>in</span> <span class='ocrx_word' id='word_1_198' title='bbox 2030 3902 2421 4013; x_wconf 83' lang='lat' dir='ltr'>superiori</span> <span class='ocrx_word' id='word_1_199' title='bbox 2480 3901 2816 4009; x_wconf 85' lang='lat' dir='ltr'>regione</span> <span class='ocrx_word' id='word_1_200' title='bbox 2841 3898 3174 4012; x_wconf 76' lang='lat' dir='ltr'>Ienifi’ae</span> <span class='ocrx_word' id='word_1_201' title='bbox 3233 3897 3466 3987; x_wconf 89' lang='lat' dir='ltr'>fluuii</span> <span class='ocrx_word' id='word_1_202' title='bbox 3526 3900 3813 4013; x_wconf 86' lang='lat' dir='ltr'>floret,</span> <span class='ocrx_word' id='word_1_203' title='bbox 3865 3909 4117 3999; x_wconf 84' lang='lat' dir='ltr'>semi·</span> 
     </span>
     <span class='ocr_line' id='line_1_28' title="bbox 1426 4036 2570 4148; baseline -0.007 -29"><span class='ocrx_word' id='word_1_204' title='bbox 1426 4060 1691 4148; x_wconf 86' lang='lat' dir='ltr'>naque</span> <span class='ocrx_word' id='word_1_205' title='bbox 1752 4036 2124 4142; x_wconf 79' lang='lat' dir='ltr'>Augusto</span> <span class='ocrx_word' id='word_1_206' title='bbox 2188 4047 2570 4116; x_wconf 83' lang='lat' dir='ltr'>maturat.</span> 
     </span>
    </p>

    <p class='ocr_par' dir='ltr' id='par_1_9' title="bbox 1425 4156 4121 4410">
     <span class='ocr_line' id='line_1_29' title="bbox 1723 4156 4114 4274; baseline 0.003 -25"><span class='ocrx_word' id='word_1_207' title='bbox 1723 4164 1920 4253; x_wconf 87' lang='lat' dir='ltr'>Icon</span> <span class='ocrx_word' id='word_1_208' title='bbox 1999 4161 2352 4274; x_wconf 73' lang='lat' dir='ltr'>plantam</span> <span class='ocrx_word' id='word_1_209' title='bbox 2420 4161 2516 4247; x_wconf 87' lang='lat' dir='ltr'>ad</span> <span class='ocrx_word' id='word_1_210' title='bbox 2579 4159 2879 4242; x_wconf 81' lang='lat' dir='ltr'>viuum</span> <span class='ocrx_word' id='word_1_211' title='bbox 2944 4156 3174 4244; x_wconf 85' lang='lat' dir='ltr'>fistit.</span> <span class='ocrx_word' id='word_1_212' title='bbox 3229 4163 3338 4246; x_wconf 84' lang='lat' dir='ltr'>A.</span> <span class='ocrx_word' id='word_1_213' title='bbox 3420 4185 3840 4252; x_wconf 83' lang='lat' dir='ltr'>racemum</span> <span class='ocrx_word' id='word_1_214' title='bbox 3943 4171 4114 4255; x_wconf 71' lang='lat' dir='ltr'>iin-</span> 
     </span>
     <span class='ocr_line' id='line_1_30' title="bbox 1425 4287 4121 4410; baseline 0.004 -35"><span class='ocrx_word' id='word_1_215' title='bbox 1425 4289 1831 4400; x_wconf 57' lang='lat' dir='ltr'>guliriter</span> <span class='ocrx_word' id='word_1_216' title='bbox 1888 4289 2344 4405; x_wconf 81' lang='lat' dir='ltr'>expressum</span> <span class='ocrx_word' id='word_1_217' title='bbox 2409 4287 2806 4399; x_wconf 79' lang='lat' dir='ltr'>exhibet,</span> <span class='ocrx_word' id='word_1_218' title='bbox 2869 4308 2968 4375; x_wconf 70' lang='lat' dir='ltr'>vt</span> <span class='ocrx_word' id='word_1_219' title='bbox 3029 4288 3459 4378; x_wconf 82' lang='lat' dir='ltr'>diuifiones</span> <span class='ocrx_word' id='word_1_220' title='bbox 3556 4298 3917 4410; x_wconf 76' lang='lat' dir='ltr'>apertius</span> <span class='ocrx_word' id='word_1_221' title='bbox 4017 4299 4121 4386; x_wconf 78' lang='lat' dir='ltr'>in</span> 
     </span>
    </p>
   </div>
   <div class='ocr_carea' id='block_1_5' title="bbox 1284 4424 2221 4548">
    <p class='ocr_par' dir='ltr' id='par_1_10' title="bbox 1284 4424 2221 4548">
     <span class='ocr_line' id='line_1_31' title="bbox 1284 4424 2221 4548; baseline -0.003 -36"><span class='ocrx_word' id='word_1_222' title='bbox 1284 4547 1287 4548; x_wconf 8' lang='lat' dir='ltr'><em>f</em></span> <span class='ocrx_word' id='word_1_223' title='bbox 1418 4424 1709 4512; x_wconf 81' lang='lat' dir='ltr'>oculos</span> <span class='ocrx_word' id='word_1_224' title='bbox 1768 4431 2221 4519; x_wconf 77' lang='lat' dir='ltr'>incurrant.</span> 
     </span>
    </p>
   </div>
   <div class='ocr_carea' id='block_1_6' title="bbox 3948 4568 4114 4646">
    <p class='ocr_par' dir='ltr' id='par_1_11' title="bbox 3948 4568 4114 4646">
     <span class='ocr_line' id='line_1_32' title="bbox 3948 4568 4114 4646; baseline -0.018 1"><span class='ocrx_word' id='word_1_225' title='bbox 3948 4568 4114 4646; x_wconf 76' lang='lat'>66.</span> 
     </span>
    </p>
   </div>
  </div>
 </body>
</html>
