4414 5652
900 330 997 421 '2
1153 322 2405 516 mc'oMPLETAE.
2987 362 3110 486 x,

434 599 644 715 apud
712 598 1065 713 singulas
1125 594 1406 688 herbas
1449 664 1476 710 ,
1538 622 1738 711 quae
1801 622 2008 683 mox
2070 600 2614 691 describentur
2652 670 2678 715 ,
2768 626 3115 697 annota-

431 736 760 841 bimus,
862 756 1033 817 non
1128 754 1233 817 eo
1330 727 1557 831 fine,
1672 750 1768 816 vt
1843 726 2245 816 illustrem
2314 750 2399 818 et
2462 737 2557 820 ab
2619 739 2855 824 omni
2923 740 3116 824 orbe

427 864 1066 975 comprobatum
1131 859 1726 946 obseruatorem
1793 846 2309 971 corrigamus
2362 927 2389 971 ,
2484 871 2629 976 qui
2732 867 2829 951 de
2936 871 3114 955 eius

421 993 1105 1087 obseruationibus
1166 988 1603 1075 meliorem
1666 993 1933 1102 spem,
1998 1016 2251 1102 quam
2319 996 2420 1079 de
2478 994 2770 1081 nostris
2831 1000 3116 1085 conci-

417 1123 764 1270 pimus,
844 1120 969 1206 sed
1035 1137 1135 1204 vt
1196 1116 1767 1234 botanophilos
1833 1121 2289 1211 inuitemus
2327 1188 2354 1232 ,
2456 1124 2545 1207 in
2613 1125 3107 1225 structuram

411 1254 727 1359 generis
789 1249 1131 1334 vltetius
1194 1251 1724 1364 inquirendi,
1786 1272 1871 1339 et
1933 1255 2376 1342 veritatem
2436 1254 3104 1351 obseruationum
3163 1344 3168 1349 .

406 1382 572 1459 suis
639 1378 973 1464 calculis
1040 1380 1650 1493 comprobandi

713 1507 1059 1580 Nomen
1126 1530 1609 1600 generwum
1678 1510 1842 1605 ipse
1917 1510 2106 1600 clar.
2175 1510 2794 1603 LINNAEVS
2859 1537 3097 1601 com·

397 1627 671 1739 posuit
729 1644 837 1708 ex
899 1647 959 1706 α
1021 1623 1447 1734 priuatiuo
1506 1638 1594 1704 et
1627 1612 1856 1739 ξυξός
1915 1646 2206 1710 acutus
2245 1689 2272 1732 ,
2328 1631 2795 1740 forte,quia
2855 1633 3094 1744 plan-

395 1773 528 1840 tae
590 1756 841 1842 huius
902 1755 1283 1863 generis,
1348 1747 1768 1844 fruticosae
1830 1755 2155 1863 etiam,
2231 1784 2406 1843 non
2473 1780 2922 1871 pungunt,
3002 1779 3092 1858 et

390 1910 835 1976 ramorum
890 1874 1456 1972 extremitates
1512 1884 1835 1972 obtushe
1888 1888 2151 1993 sunt,
2217 1914 2384 1974 non
2451 1907 2750 1978 acutae.

696 2019 1015 2124 Axyris
1072 2016 1442 2103 Auctore
1504 2013 2265 2106 C1.L1NNAEO
2335 2023 2757 2107 monoecia
2839 2017 3081 2129 plan·

378 2152 471 2229 ta
539 2147 717 2255 est,
814 2146 1053 2233 flores
1122 2124 1519 2233 masc-ulos
1583 2143 1669 2230 in
1749 2167 2078 2232 amenta
2179 2147 2587 2256 digestos,
2683 2148 3079 2236 femineos

382 2272 643 2356 flores
706 2275 984 2359 seffiles
1046 2297 1351 2381 gerens.
1544 2270 1793 2359 Calix
1859 2277 2237 2365 masculis
2297 2278 2409 2364 est
2509 2276 3078 2390 petianthium

376 2398 904 2511 triphyllum
956 2458 984 2503 ,
1048 2414 1365 2508 patens,
1421 2398 1860 2505 obtusum,
1923 2405 2370 2489 filamentis
2405 2409 2689 2487 ‘tribus
2725 2470 2754 2510 ,
2817 2405 3077 2490 linea-

377 2530 611 2617 ribus
652 2592 678 2634 ,
742 2527 1198 2641 patentibus
1242 2581 1268 2633 ,
1330 2525 1819 2612 instructum
1862 2587 1889 2632 ‚
1992 2526 2288 2638 quibus
2356 2531 2707 2615 totidem
2775 2530 3074 2621 anthe-

375 2683 523 2746 rae
585 2658 1115 2745 subrotundae
1181 2650 1681 2769 respondent.
1851 2657 1918 2743 F
1920 2658 2228 2744 eminei
2285 2654 2531 2743 flores
2595 2658 2843 2747 calice
2933 2660 3070 2747 in·

372 2790 813 2879 struuntur
876 2780 1270 2902 diphy'llo
1307 2847 1332 2895 ,
1443 2806 1803 2874 concauo
1845 2849 1869 2893 ,
1933 2782 2288 2895 obtuso,
2346 2791 2723 2896 germine
2783 2788 3066 2879 subro-

370 2922 646 3009 tundo
680 2959 719 3029 ‚·
800 2923 999 3008 stilis
1076 2918 1390 3007 duobus
1448 2915 1955 3032 capillaribus
2000 2980 2026 3026 ,
2119 2936 2205 3003 et
2289 2917 2798 3028 stigmatibus
2860 2943 3063 3006 acu·

368 3052 487 3136 tis
542 3116 569 3161 ,
691 3046 906 3140 calix
1018 3049 1426 3135 clauditur
1504 3070 1597 3137 et
1655 3051 1922 3142 semen
2004 3049 2356 3139 vnicum
2459 3051 3057 3140 subrotundum

360 3183 629 3271 fouet.
1306 3237 1313 3240 -

676 3307 1013 3392 Linaria
1069 3307 1429 3419 scopu-ia
1491 3309 1550 3395 s.
1611 3303 2134 3397 Belleuedere
2196 3305 2450 3395 huius
2515 3307 2838 3416 generis
2902 3304 3054 3400 effe

360 3433 945 3657 Videmliiadix
1006 3557 1374 3669 Axyridi
1439 3557 1860 3646 fruticosae
1923 3559 2035 3646 est
2096 3559 2376 3667 longa,
2413 3576 2500 3643 et
2561 3503 2697 3644 sex
2755 3574 2842 3644 et
2908 3556 3055 3643 de-

358 3719 550 3780 tem
617 3691 988 3810 polliceS,
1050 3711 1137 3778 et
1197 3710 1553 3805 quatuor
1607 3693 2075 3805 quinqueue
2137 3687 2424 3797 cranii,
2487 3688 2859 3799 lignosa,
2926 3691 3051 3776 ci-

358 3850 672 3937 nerea,
731 3826 1057 3931 scabra,
1119 3828 1345 3936 saepe
1412 3820 1990 3937 propaginibus
2053 3821 2293 3935 supra
2356 3837 2660 3905 terram
2720 3818 3047 3931 serpen·

363 3957 586 4041 tibus
650 3958 884 4043 auc‘ta
923 4016 950 4061 ‚
1042 3968 1187 4037 aut
1249 3977 1520 4039 ramos
1587 3953 1840 4040 modo
1899 3975 2238 4056 vnum,
2343 3953 2598 4039 modo
2658 3951 2862 4036 duos
2956 3966 3044 4042 et

358 4086 709 4199 plures,
770 4088 998 4204 saepe
1066 4083 1389 4167 vnciam
1446 4080 1787 4168 craffitie
1848 4086 2370 4193 superanteS,
2436 4098 2718 4164 teretes
2754 4141 2783 4185 ,
2879 4078 3043 4168 du-

361 4238 507 4301 ros
544 4277 573 4321 ,
636 4235 864 4301 extra
919 4215 1395 4326 spadiceos,
1466 4214 1698 4300 intus
1758 4213 2064 4299 buxeos
2109 4273 2136 4319 ,
2233 4208 2320 4294 in‘
2380 4226 2685 4296 terram
2744 4208 2842 4294 ad
2904 4209 3042 4298 in·

366 4357 711 4457 tegrum
778 4346 1066 4464 pedem
1125 4344 1557 4437 demittens
1598 4406 1625 4451 ‚
1727 4368 1835 4431 ex
1925 4359 2086 4460 qua
2188 4340 2468 4453 virgae
2562 4336 2897 4453 viginti
2956 4323 3041 4422 ei·

1547 4471 1622 4565 C
1693 4497 1748 4570 2
2691 4467 3039 4582 triginta

1894 4699 1943 4722 ,s

3223 3149 3264 3172 ᾗ
