4414 5652
1141 367 2462 498 euve-nunna:
2685 441 2690 444 -
2957 390 3144 495 122·

765 610 989 700 Haec
1055 602 1331 721 planta
1399 605 1534 694 vti
1590 605 1823 693 omni
1889 605 2210 697 Russiae
2274 609 2389 697 ita
2451 625 2541 694 et
2600 611 2757 701 toti
2824 611 3144 723 regioni

462 734 865 830 Sibiricae
922 767 974 826 a
1039 737 1261 823 laico
1320 737 1421 823 ad
1519 729 1883 843 Ienae‘seam
1960 755 2217 850 Vsque
2311 741 2694 848 indigena
2783 747 2972 854 est,
3061 754 3149 831 et

464 873 791 963 Ruffice
854 858 1428 957 mumonocm‘b
1484 864 1818 949 dicitur.

558 1033 576 1060 '
724 1058 1096 1149 mamm
1206 1047 1307 1171 1)
1408 1049 1539 1143 cl.
1662 1043 2851 1170 KRASCENJNNJKOW,
2948 1058 3140 1153 Bet.

463 1186 869 1278 Profefl'or
910 1251 938 1298 ,
1001 1190 1208 1275 dum
1270 1185 1596 1271 viueret
1637 1248 1665 1295 ,
1729 1181 2347 1300 Petropolicanus
2390 1252 2415 1296 ,
2471 1215 2524 1276 e
2579 1190 3148 1296 Kamtfhhatca

412 1320 564 1405 nd
630 1344 764 1408 me
822 1305 1047 1404 mifit
1108 1316 1400 1402 ficcam
1438 1376 1466 1428 ,
1525 1340 1776 1428 quam
1841 1319 2021 1402 sane
2080 1343 2131 1401 a
2186 1318 2583 1434 descripta
2668 1320 2900 1407 nulla
2979 1319 3142 1410 alia

453 1468 550 1533 re
605 1507 634 1554 ,
699 1473 952 1558 quam
1014 1450 1444 1550 baccarum
1507 1447 1787 1532 colore
1845 1446 2255 1530 diuersam
2325 1448 2628 1557 sentio,
2655 1467 2745 1534 et
2797 1451 3139 1535 eandem

453 1576 736 1663 iudxco
797 1640 828 1686 ,
874 1601 1128 1692 quam
1193 1577 1269 1662 b.
1322 1571 1996 1664 STELLERVS
2062 1576 2149 1659 in
2219 1572 2468 1663 Flora
2534 1578 2689 1664 Ire.
2728 1605 2805 1665 n.
2858 1601 3135 1682 1104.

454 1724 542 1787 et
603 1703 904 1795 Ochot.
981 1734 1061 1793 n·
1177 1724 1393 1807 515.
1490 1707 1633 1793 sub
1728 1705 2067 1792 nomine
2126 1701 2729 1795 Chamaecerafi
2813 1708 3137 1819 alpinae

448 1832 725 1921 stuCtu
790 1837 1033 1946 nigro
1094 1839 1434 1946 gemino
1464 1834 1563 1925 B.
1632 1832 1798 1924 Pin.
1865 1834 2321 1921 recensuit:
2382 1833 2808 1923 obseruaui
2875 1838 3137 1921 etiam

338 1965 353 1972 ’
447 1985 616 2070 ego
680 1967 923 2049 semel
985 1967 1077 2051 in
1138 1962 1399 2054 insula
1461 1963 1741 2056 Irinda
1816 1964 2127 2051 minori
2190 1963 2360 2048 fiue
2458 1964 2824 2053 inferiori
2922 1963 3138 2052 Tun-

431 2090 713 2206 gtffcae
773 2089 1075 2175 fluuii·
1166 2120 1376 2205 quae
1441 2098 1715 2207 itaque
1768 2095 2032 2180 baccis
2096 2092 2354 2203 nigris
2425 2095 2594 2180 fere
2651 2094 2748 2179 ab
2838 2087 3136 2211 lenist’a

438 2238 534 2304 et
590 2245 637 2305 a
698 2219 911 2307 Lena
970 2221 1249 2304 fluuiis
1311 2223 1413 2306 ad
1472 2246 1868 2309 oceanum
1931 2243 2187 2331 vsque
2264 2219 2751 2310 orientalem
2849 2240 2935 2307 et
3039 2222 3133 2307 in

436 2345 1086 2492 Kamtschaccam
1151 2351 1406 2460 Vsque
1466 2351 1961 2462 proueniret.
2026 2345 2227 2461 Quo
2324 2350 2502 2458 ipso
2565 2371 2779 2434 noua
2846 2346 3143 2436 austo-
3245 2445 3252 2452 ᾗ

434 2474 635 2561 ritas
697 2479 997 2563 accedit
1065 2475 1604 2562 obseruationi
1662 2473 2411 2581 CLVSIANAE‚
2493 2470 2702 2578 hanc
2778 2480 3132 2566 varieta-

440 2621 622 2691 tem
718 2608 971 2692 etiam
1074 2603 1501 2692 Pannoniae
1615 2604 2081 2689 adscribenti
2114 2661 2144 2709 ‚
2237 2624 2500 2713 quam
2589 2607 2676 2692 in
2779 2607 3133 2698 dubium

436 2738 869 2821 reuocauit
932 2732 1066 2823 Ill.
1123 2731 1755 2833 HALLERVS
1822 2734 1911 2817 in
1980 2732 2470 2819 Enumerat.
2540 2734 2767 2855 strip.
2877 2733 3127 2824 Helv.

433 2892 525 2980 P·
591 2872 813 2972 464-

741 3058 882 3146 Ex
947 3050 1181 3167 ligno
1243 3058 1493 3147 huius
1553 3058 1875 3173 plantae
1943 3055 2063 3142 in
2113 3056 2387 3151 Ruffia
2467 3048 2750 3144 oleum
2827 3070 3128 3168 parant

432 3189 1246 3300 empyreumaticum
1330 3212 1475 3299 per
1576 3187 2037 3273 descensum
2069 3246 2099 3293 ‚
2196 3193 2539 3296 nigrum
2583 3243 2611 3291 ‚
2712 3188 3124 3295 pondero·

435 3319 678 3422 sum,
717 3339 1001 3423 graue,
1031 3312 1403 3418 densum,
1464 3339 1632 3423 quo
1686 3331 2024 3395 externe
2060 3329 2439 3395 tumores
2499 3308 2842 3416 frigidos
2878 3312 3133 3393 inun-

435 3462 657 3552 gunt
695 3508 719 3549 ‚
785 3445 1050 3547 bono,
1116 3441 1264 3526 vti·
1320 3437 1619 3548 vulgo,
1666 3439 2184 3551 praedicant,
2259 3431 2621 3521 successu.
2786 3432 2938 3521 Sed
3039 3454 3131 3523 et

439 3590 721 3659 contra
788 3592 1307 3686 quascunque
1373 3550 1895 3676 impurita'tes
1935 3620 1978 3669 ,-
2019 3588 2218 3673 quas
2288 3567 2371 3650 in
2457 3563 2841 3670 sauguine
2923 3589 3135 3649 con-

437 3703 799 3810 ficiunt,
868 3686 1185 3787 int'c'rne
1261 3700 1634 3785 sumtum
1726 3690 2057 3779 'summe
2160 3690 2637 3807 proficuum
2743 3695 3124 3801 censent,

441 3850 545 3915 vt
605 3830 691 3916 in
757 3834 1008 3916 variis
1076 3828 1270 3913 ³luis
1360 3823 2044 3938 symptomatibus
2081 3884 2108 3927 ‚
2206 3824 2297 3908 in
2393 3823 2772 3908 scorbuto
2862 3841 2950 3908 et
3033 3824 3130 3913 in

433 3960 688 4047 scabie
754 3957 1253 4072 palmarium
1322 3955 1515 4067 ipfis
1581 3953 1944 4069 praebeat
2007 3953 2502 4040 remedium.
2565 3998 2581 4013 ·

460 4250 467 4259 ‚
576 4160 668 4237 6.
738 4148 1339 4238 LONICERA
1409 4142 1886 4258 pedunculis
1947 4138 2309 4250 bifloriS,
2368 4140 2623 4231 baccis
2678 4143 3124 4229 coadunate

825 4277 1234 4390 globosffi,
1296 4277 1499 4365 stilis
1561 4271 1933 4393 indiuifie
1967 4332 1996 4385 ,
2058 4270 2397 4363 LINN.
2464 4272 2692 4393 Spec.
2764 4268 2978 4364 Tom.
3033 4268 3127 4361 I.

810 4426 884 4506 v
966 4428 1173 4518 174
1236 4431 1307 4491 n
1375 4433 1466 4514 9
1717 4535 1799 4625 R
1870 4556 1925 4617 2
2389 4538 2396 4541 ’
2860 4520 3101 4619 Pert-
