4414 5652
1252 407 1440 498 τεά
1916 396 3232 501 CALICYFLORAE:

1556 637 1925 756 Stipulae
1989 640 2272 729 bifidae
2313 704 2339 748 ,
2427 664 2625 752 quas
2685 645 3131 748 sequuntur
3232 631 3525 748 pinnae
3616 630 3930 750 septem

1254 769 1641 882 oblongae
1677 836 1710 879 ,
1768 781 2020 858 etiam
2082 798 2392 859 nouem
2433 834 2461 877 ,
2561 799 2608 855 e
2706 772 3018 854 directo
3105 761 3528 879 ⁴oppofitae
3569 823 3592 866 ‚
3694 770 3929 854 nulla

1255 931 1508 1020 parua
1610 904 2022 988 interiecta
2058 964 2086 1006 ,
2168 901 2559 1010 oblongae
2597 964 2622 1007 ,
2680 897 2908 986 caule
2976 896 3466 1008 plerumque
3534 898 3860 983 rubente
3901 960 3930 1004 ,

1252 1055 1338 1120 et
1397 1062 1494 1119 ue
1548 1034 1741 1118 hinc
1811 1057 1954 1148 per
2017 1035 2293 1143 pedale
2351 1034 2516 1120 fere
2587 1033 2940 1143 spatium
3032 1051 3324 1115 vnum*
3397 1040 3484 1110 et
3579 1027 3937 1116 alterum

1132 1257 1137 1264 ,
1252 1160 1516 1252 adhuc
1574 1163 1879 1252 sonum
1940 1166 2395 1250 emittente.

1549 1343 1940 1428 Occurrit
1999 1366 2146 1451 per
2213 1355 2478 1428 totam
2546 1339 2951 1428 Sibiriam.

1386 1545 1533 1628 30.
1638 1523 1926 1611 POTF
1927 1524 2020 1612 N
2026 1525 2145 1611 TI
2152 1517 2376 1609 LLA
2473 1521 2691 1609 foliis
2795 1518 3147 1631 pinnatis
3251 1517 3843 1626 subaeqnalibus
3911 1589 3941 1636 ‚

1631 1653 1937 1739 foliolis
2000 1651 2371 1760 oblongis
2433 1650 2836 1736 subbifidis
2871 1710 2897 1755 ,
2954 1649 3290 1733 extimis
3326 1649 3931 1746 confluentibus.

1764 1822 2403 1940 Pentaphylloides
2462 1819 2870 1936 orientale,
2923 1824 3265 1935 saporum
3305 1882 3333 1925 ,
3395 1819 3597 1918 foliis
3657 1822 3930 1928 alatis,

1890 1955 2151 2057 hfidis
2219 1953 2357 2039 vel
2408 1952 2760 2059 trfid
2659 1977 2700 2035 s
2823 1949 3263 2039 TOVRN.
3332 1949 3516 2036 Cor
3590 1977 3737 2033 21.

1758 2125 2401 2244 Pentaphylloides
2461 2141 2733 2240 repens
2771 2120 2997 2237 soliis
3082 2129 3443 2341 pinnatis
3463 2190 3491 2239 ,
3581 2123 3932 2216 BVXB·

1886 2255 2106 2342 Cent.
2190 2284 2269 2339 1.
2316 2254 2543 2346 Tah.
2613 2282 2757 2361 49.
2825 2256 3125 2367 Fig.1

1772 2426 2420 2544 Pentaphylloides
2503 2430 2921 2547 supinum,
2986 2419 3291 2539 minus,
3362 2429 3554 2545 fhb’o
3600 2425 3937 2544 glabro
3908 2497 3938 2543 ,

1898 2580 2035 2639 non
2075 2562 2451 2663 serrata,
2513 2560 2826 2643 AMM.
2892 2557 3139 2642 Ruth.
3214 2567 3421 2642 116.
3489 2577 3665 2663 (non
3709 2557 3906 2676 lim.)

1763 2731 2412 2850 Pentaplv‘lloides
2487 2738 2828 2857 supina,
2944 2740 3240 2847 minor,
3317 2740 3541 2855 soliis
3638 2740 3948 2844 alatis,

1864 2865 2256 2976 hirsutis,
2336 2874 2567 2954 varie
2645 2869 2702 2950 d
2691 2867 3029 2977 ffl’dts
3111 2805 3323 2950 AM.
3401 2862 3649 2965 Ruth.
3729 2888 3772 2942 ι
3795 2887 3944 2967 17

1889 2996 2091 3093 (non
2154 2993 2525 3110 LINN.)

1394 3193 1541 3278 31.
1607 3168 2350 3263 POTENTILLA
2418 3175 2630 3261 foliis
2695 3172 3045 3281 pinnatis
3109 3173 3630 3280 ternatisque,
3662 3176 3937 3261 vtrin-

1636 3329 1801 3423 que
1901 3305 2297 3388 viridibus
2388 3322 2472 3388 et
2568 3303 2897 3387 hiriutis
2935 3361 2960 3409 ‚
3044 3297 3339 3387 lobulis
3439 3303 3865 3391 accessoriis
3901 3366 3943 3417 ,

1640 3451 1705 3519 t.
1781 3454 1930 3533 34.
1982 3441 2183 3523 ’ἔτη
2222 3493 2238 3515 .

1768 3602 2169 3688 Potentilla
2206 3603 2429 3716 foliis
2482 3608 2823 3721 pinnatis
2885 3600 3378 3720 ternatisque',
3415 3637 3515 3696 ex
3516 3613 3730 3697 timis
3758 3638 3934 3697 ma·-

1896 3730 2186 3818 ioribus
2230 3735 2641 3846 ,flagellis
2709 3735 3252 3849 reptantibus,
3321 3740 3649 3828 LINN.
3716 3739 3932 3856 spec.

1818 3918 1821 3919 ff
1911 3889 1985 3948 1.
2032 3878 2113 3974 p.
2189 3883 2403 3965 710
2466 3891 2534 3951 n.
2613 3885 2697 3966 5.

1565 4034 1856 4124 Petioli
1920 4034 2316 4124 accefl‘or'ii
2380 4040 2463 4123 in
2524 4039 3029 4127 inferioribus
3116 4039 3330 4129 foliis
3427 4040 3937 4152 conspiciun-

1108 4261 1115 4267 ,
1265 4189 1438 4279 tur,
1469 4170 1608 4281 qui
1670 4193 1873 4256 vero
1935 4192 2099 4277 quo
2158 4174 2621 4281 propriores
2680 4175 2862 4258 sunt
2923 4172 3080 4257 basi
3109 4233 3137 4282 ,
3200 4196 3299 4259 eo
3335 4173 3692 4262 minores
3721 4172 3950 4278 sunt,

1082 4336 1083 4339 ¹
1266 4298 1565 4391 steriles
1603 4362 1628 4410 ‚
1691 4300 2264 4387 decumbentes

3677 4428 3937 4559 ¹In
