4414 5652
1281 389 1475 511 ιρὰ
1988 388 3292 488 FRVCTIFLORAE.

1285 649 1474 718 nata
1535 653 1738 743 quae
1796 628 2013 722 follis
2082 628 2188 716 est
2259 625 2596 735 integris
2664 641 2806 712 aut
2909 647 3096 713 raro
3187 619 3528 709 crenatis
3569 689 3596 733 ,
3662 624 3806 715 illa
3864 629 4010 718 est*

1291 764 1567 873 planta
1636 761 1984 848 humilis
2048 779 2130 844 et
2200 759 2286 842 in
2350 759 2594 842 aridis
2653 756 3237 869 altioribusque
3314 760 3742 843 montium
3846 759 3975 847 lo-

1288 896 1405 977 cis
1509 893 1872 978 nascitur.
2052 891 2286 976 Haec
2385 891 2609 1000 saepe
2708 889 3131 998 respondet
3197 881 3728 974 Germanicae
3798 909 3975 976 tam

1291 1022 1761 1127 integritate
1824 1046 2078 1133 quam
2139 1016 3088 1106 subrotunda·foliorum
3152 1021 3418 1102 forma
3459 1079 3482 1122 ‚
3560 1046 3762 1130 quae
3829 1046 3982 1108 ve·-

1292 1176 1391 1236 ro
1454 1153 1622 1239 alio
1683 1172 2058 1264 tempore
2122 1148 2468 1261 oblonga
2532 1149 2717 1235 sunt
2781 1167 2864 1238 er
2928 1168 3270 1232 crenata.
3440 1148 3731 1235 Altera
3821 1150 3987 1235 hu..

1294 1305 1579 1365 manae
1639 1283 2098 1368 altitudinis
2162 1282 2342 1390 est,
2439 1281 2563 1365 vti
2669 1277 3094 1390 Hispanica
3186 1300 3270 1365 et
3369 1278 3579 1362 secus
3680 1282 3985 1371 fluuios

1293 1411 1809 1525 potiffimum
1880 1414 2254 1497 nascitur.
2317 1459 2322 1463 -
2394 1411 2541 1496 Est
2605 1427 2687 1492 et
2764 1415 3158 1520 quaedam
3264 1411 3750 1496 intermedia
3818 1440 3985 1500 non

1295 1555 1472 1627 tam'
1535 1544 1664 1629 sed
1727 1540 1856 1627 illi
1915 1542 2381 1630 fluuiorum
2464 1559 2765 1626 caetera
2876 1538 3233 1643 similis,
3328 1563 3582 1649 quam
3673 1542 3982 1632 AMM.

1307 1694 1514 1774 170.
1568 1673 2016 1785 descripsit.
2138 1673 2426 1759 Etiam
2497 1687 2810 1783 praeter
2876 1667 3193 1755 floralia
3276 1671 3501 1781 saepe
3599 1691 3682 1756 et
3781 1673 3989 1759 reli-

1295 1824 1460 1910 qua
1519 1802 1833 1912 integra
1897 1804 2152 1911 sunt,
2215 1800 2432 1914 quali
2445 1828 2490 1885 a
2553 1819 2637 1882 et
2699 1803 2923 1909 saepe
2986 1801 3302 1885 serrata.
3450 1797 3770 1887 Deinde
3835 1831 3982 1888 an

1297 1929 1532 2038 gusta
1593 1932 1784 2018 solia
1851 1936 2128 2045 plures
2198 1935 2455 2018 tribus
2520 1929 3255 2036 longitudinalibus
3358 1931 3628 2013 neruis
3725 1935 3988 2020 osten-

1290 2060 1488 2144 dere
1578 2086 1996 2174 nequeunt
2033 2130 2058 2174 ,
2160 2088 2356 2148 cum
2442 2064 2622 2152 lata,
2668 2059 2940 2171 plures
3004 2085 3303 2175 eosque
3366 2059 3740 2173 obliquos
3801 2088 3992 2148 ner·-

1300 2212 1456 2275 vos
1517 2191 1947 2282 ostendant.
2089 2189 2907 2283 BAR1<EL1ERVS
2973 2195 3281 2302 etiam,
3350 2194 3538 2280 licet
3573 2193 3996 2307 aliquous·

1301 2342 1464 2428 que
1530 2320 1903 2408 videatur
1970 2330 2385 2435 agnoscere
2450 2324 2735 2437 species
2804 2322 2983 2410 illas
3050 2351 3254 2438 quae
3364 2324 3619 2410 tribus
3718 2330 3998 2411 neruis

1298 2446 2033 2558 longitudinalibus
2100 2458 2502 2567 praeditae
2569 2457 2755 2540 sunt
2795 2517 2821 2559 ,
2900 2474 2985 2536 et
3049 2476 3426 2540 notanter
3493 2456 3926 2568 distinguat
3966 2518 3997 2565 ‚

1294 2578 1636 2664 videtur
1704 2600 1976 2665 tamen
2043 2587 2140 2669 ad
2209 2586 2390 2667 illas
2453 2608 2614 2665 non
2683 2602 2856 2663 tam
2922 2585 3200 2668 exacte
3258 2585 3720 2670 obseruafl'e.

1607 2707 2008 2795 Ceterum
2075 2713 2526 2799 notandum
2597 2707 2892 2797 hancce
2952 2714 3300 2824 speciem
3370 2715 3581 2802 hisce
3644 2716 4011 2800 varieta-

1312 2835 1526 2921 tibus
1587 2841 1921 2925 obuiam
1985 2842 2069 2925 in
2138 2842 2446 2955 Iseterfi
2506 2843 2926 2951 prouincia
2983 2846 3085 2926 ad
3166 2847 3379 2926 Irtin
3478 2865 3735 2947 vsque
3832 2842 4017 2923 flu·

1309 2962 1555 3044 *vium
1621 2991 1870 3074 quam
1941 2973 2307 3055 maxime
2366 2971 2853 3080 prouenIre‚
2913 2991 3061 3050 nec
3123 2994 3471 3080 vsqum
3536 2966 3738 3051 adeo
3799 2989 4013 3055 con-

1307 3090 1668 3211 spicuam
1732 3090 1899 3181 effe.

1366 3302 1597 3467 5ο.
1672 3283 2188 3375 SPIRAEA
2250 3289 2466 3376 foliis
2526 3288 2687 3377 late
2752 3291 3017 3375 ouatis
3058 3290 3386 3402 ,supra
3450 3284 3865 3401 ampliatis
3894 3311 4006 3378 ex

1432 3462 1441 3474 =
1698 3419 2025 3505 inciso·
2060 3421 2444 3527 serratis,
2513 3419 2996 3531 pedunculis
3058 3354 3587 3529 simplicibus,

1740 3547 2145 3659 Spiraea
2229 3550 2574 3653 ramosff
2540 3576 2695 3635 ma
2747 3567 2987 3662 paruo
3024 3542 3483 3664 subrotundo
3538 3545 3730 3667 epuli
3698 3544 3955 3665 tfhlio
3975 3609 4007 3658 ,

1954 3674 2269 3762 AMM.
2340 3674 2553 3765 ruth.
2625 3703 2674 3756 2
2687 3696 2742 3778 7
2762 3701 2842 3761 1.

1626 3799 1765 3892 Ab
1858 3798 1916 3890 1
1916 3794 2167 3919 emfha
2265 3805 2356 3891 in
2468 3802 3154 3926 transbaicalnfi’s
3266 3835 3523 3927 vsque
3634 3805 4010 3920 regiones

1176 3996 1181 3999 κ
1315 3926 1696 4021 nascitur.

1446 4126 2194 4239 51.SP1RAEA
2251 4131 2466 4220 foliis
2546 4127 2970 4242 pinnatis,
3041 4130 3368 4221 foliolis
3459 4132 4012 4223 vniformibus

1695 4264 2080 4374 iel-ratis,
2176 4263 2412 4353 caule
2509 4264 2971 4372 stutieoso,
3059 4264 3394 4353 floribus
3453 4263 3940 4384 paniculatis
3980 4326 4018 4378 ,

1648 4394 3448 4549 IaeIN..S))..1p.7oa.n7.724ox
3723 4494 3970 4646 ,spi
