4414 5652
1026 401 2301 523 ‘1NcoMPLETA1.
2914 448 3032 540 ,9

357 675 441 748 te
495 669 584 743 et
646 679 754 745 ex
808 653 1295 747 internodiis
1361 651 1749 744 radiculas
1815 671 2147 762 agente,
2214 652 2364 767 qni
2412 676 2610 747 cum
2648 652 3035 766 primum

351 790 632 902 erupit
668 854 699 899 ,
754 790 1024 896 magis
1081 803 1234 875 aut
1297 787 1569 870 minus
1636 780 1998 870 hirsutus
2063 784 2177 874 est
2216 844 2243 892 ‚
2324 785 2457 874 sub
2519 788 2814 873 canitie
2880 814 3033 875 ru-

324 918 539 1004 ·bens
579 971 603 1020 ,
678 938 828 1004 aut
890 918 1186 1004 virens.
1329 913 1832 1003 Membranis
1898 937 2055 1025 pm
2119 939 2355 1001 more
2430 915 2783 1025 cingitur
2882 942 3027 1030 per

322 1048 703 1133 ’vncialia
765 1049 1086 1133 circiter
1147 1042 1581 1130 interualla
1621 1107 1649 1154 ,
1748 1065 2149 1154 perquam
2214 1041 2553 1133 hirsutis
2614 1062 2702 1135 et
2771 1045 3028 1137 fimul

349 1182 609 1277 ramis
665 1174 955 1263 sialiofis
1026 1171 1196 1257 fiue
1257 1172 1480 1260 foliis
1546 1176 1970 1284 Vtrimque
2037 1171 2369 1259 hirsutis
2431 1193 2517 1263 et
2582 1171 2744 1259 sete
2799 1179 3029 1272 inca·

349 1309 477 1388 nis
520 1366 546 1411 ,
602 1303 1081 1390 breuiffimis
1150 1301 1479 1413 petiolis
1543 1304 1849 1389 innixis
1889 1366 1916 1411 ,
2012 1306 2276 1391 ouatis
2339 1325 2426 1390 et
2485 1305 2711 1414 saepe
2750 1364 2814 1412 ‚a
2879 1310 3025 1395 ob-

343 1434 565 1518 scure
630 1437 967 1544 quidem
1018 1496 1043 1540 ,
1100 1434 1199 1518 ad
1267 1435 1729 1543 marginem
1798 1429 2144 1518 sinuatis.
2275 1430 2558 1544 spicae
2619 1432 3023 1522 floriferae

336 1564 717 1675 suprema
785 1565 1062 1649 versus
1127 1586 1234 1646 ex
1295 1561 1448 1650 alis
1512 1562 1907 1648 foliorum
1968 1561 2381 1674 prodeunt
2462 1561 2818 1669 singulae
2892 1568 3029 1657 sub

342 1690 649 1801 angulo
719 1692 947 1777 valde
1054 1713 1296 1779 acuto
1340 1754 1365 1798 ,
1469 1692 1824 1779 vnciales
1914 1692 2243 1779 circiter
2280 1750 2340 1803 ,Ν
2407 1691 2636 1777 laxae
2674 1755 2700 1800 ,
2800 1699 3022 1809 saepe

322 1845 514 1907 »vno
575 1840 660 1906 et
721 1820 985 1908 altero
1048 1818 1389 1910 flosculo
1448 1823 1543 1908 ab
1608 1824 2128 1910 extremitate
2190 1822 2448 1933 spicae
2515 1820 2768 1931 longo
2839 1831 3019 1937 spa·

340 1949 467 2034 tio
558 1972 899 2040 remoto,
1091 1952 1231 2037 Ex
1303 1952 1467 2064 ipsa
1533 1957 1793 2040 etiam
1854 1949 1980 2036 ala
2044 1950 2468 2058 angularis
2531 1950 3020 2066 plerumque

336 2076 720 2164 flosculus
781 2084 977 2167 exit.
1110 2082 1424 2169 Omnes
1484 2102 1768 2171 autem
1833 2079 2151 2168 flosculi
2215 2078 2463 2169 albidi
2542 2082 3021 2193 longiuscu-

331 2205 442 2294 lis
504 2211 967 2320 pedunculis
1035 2209 1396 2298 insident.

643 2332 1318 2421 STELLERVS
1371 2394 1398 2441 ,
1486 2338 1700 2422 solus
1788 2337 2034 2420 huius
2115 2334 2435 2446 plantae
2498 2339 2954 2425 obseruator
2992 2399 3023 2445 ,

326 2460 435 2546 de
500 2486 591 2543 ea
662 2482 978 2573 praeter
1048 2486 1349 2543 nomen
1410 2480 1496 2544 et
1557 2463 1846 2549 locum
1904 2461 2256 2545 natalem
2310 2463 2525 2550 nihil
2568 2468 3022 2552 memoriae

329 2590 694 2700 prodidit
735 2655 760 2699 ,
858 2588 1096 2676 ficcas
1158 2607 1429 2676 tamen
1497 2589 1816 2703 plantas
1913 2589 2358 2676 transmisit
2395 2655 2421 2700 ,
2520 2617 2630 2680 ex
2727 2599 3018 2705 quibus

324 2718 547 2803 hanc
606 2719 1262 2831 qualemcunque
1322 2716 1954 2833 descriptionem
2023 2720 2550 2830 concinnam,
2647 2723 3015 2811 iconem-

326 2873 493 2962 que
587 2848 768 2934 fieri
881 2851 1187 2936 curaui.
1377 2844 1512 2935 De
1576 2874 1921 2935 numero
1981 2850 2422 2939 staminum
2483 2872 2567 2936 et
2636 2852 3011 2939 stilorum

329 2998 554 3066 certo
616 2980 832 3067 mihi
898 3007 1062 3068 non
1123 2979 1449 3065 constat.
1579 2979 1876 3068 Semen
1943 2977 2407 3090 perficariae
2475 2978 2743 3069 fimile
2778 2986 3013 3068 vide-

331 3130 524 3216 tur,
584 3115 779 3223 quia
844 3106 1519 3198 STELLERVS
1585 3115 1681 3200 ad
1748 3109 1904 3194 hoc
1950 3130 2192 3217 genus
2232 3109 2545 3200 retulit.
2668 3111 3010 3201 STEL-

328 3239 708 3352 LERVS
775 3238 1225 3325 obseruauit
1291 3236 1394 3322 ad
1462 3235 1851 3324 Baecalem
1921 3234 2188 3326 lacum
2231 3301 2256 3345 ,
2314 3258 2399 3320 et
2481 3239 2702 3324 Iulio
2738 3304 2763 3345 ,
2830 3245 3011 3328 Au-

331 3369 732 3480 gustoque
837 3364 1245 3448 mensibus
1304 3365 1594 3447 florere
1636 3425 1661 3469 ,
1767 3365 2035 3446 semen
2101 3362 2560 3472 Septembri
2640 3385 3008 3451 matura-

329 3519 424 3580 re
487 3483 819 3602 scribit.)

454 3705 609 3790 45.
677 3677 1380 3771 POLYGONVM
1446 3671 2380 3786 stuticosum,'floribus
2447 3686 3010 3798 pentapetalis,

656 3814 1106 3898 ·ostandris
1149 3876 1175 3921 ‚
1240 3813 1651 3919 trigyniS‚
1712 3811 2021 3894 duobus
2085 3813 2444 3892 externis
2514 3813 2797 3920 petalis
2864 3845 3001 3906 re-

708 3940 943 4025 flexis
980 4002 1007 4047 ,
1069 3944 1327 4026 ramis
1385 3939 1764 4025 subulatis
1829 3939 2086 4026 acutis
2150 3938 2345 4025 Tab.
2413 3940 2622 4027 XII.
2701 3942 2838 4052 fig.
2917 3974 2995 4039 1.

370 4207 378 4215 .
636 4134 958 4242 Pedali,
1022 4134 1351 4222 cubitali
1410 4151 1495 4216 et
1560 4127 2146 4243 sesquicubitali
2209 4128 3003 4250 altitudinexsurgit,

333 4265 595 4378 virgis
661 4267 1071 4351 interdum
1140 4245 1620 4352 tenuissimis
1662 4322 1688 4367 ,
1789 4283 2377 4370 nonnunquam
2445 4263 2700 4370 cygni
2788 4268 3003 4354 cala-

274 4419 277 4424 ·
338 4420 582 4500 mum
649 4395 989 4485 crassitie
1047 4394 1601 4508 aequantibus,
1653 4388 2103 4607 &beptibus
2164 4407 2256 4475 et·
2310 4388 2701 4505 laeuibu5‚
2768 4395 3004 4613 mqg
