4414 5652
1214 408 2512 599 INCOMRLETAR.
3055 507 3163 568 u

511 704 912 816 craffitie,
1009 705 1109 790 de
1171 696 1545 816 quarum*
1596 701 1993 790 struaura
2058 703 2292 794 nihi-t
2341 708 2693 797 distincti
2763 709 2975 798 mihi
3041 710 3184 798 in·‘

515 841 818 924 notuit.
946 832 1048 920 In
1118 831 1389 943 planta
1448 830 1756 915 ramosa
1819 855 2256 923 ramorum
2315 844 2594 929 eadem
2654 847 2871 928 ratio
2927 841 3059 931 est

750 1032 755 1039 .
824 966 931 1053 In
994 963 1235 1047 vastis
1298 960 1670 1068 ficcisque
1734 957 2110 1067 lapidosis
2169 975 2484 1081 campis
2542 972 2973 1082 superioris
3039 968 3180 1056 12-

515 1096 769 1198 mae
830 1111 1071 1203 atque
1128 1092 1221 1174 in
1286 1112 1489 1174 eum
1545 1085 1997 1171 labentium
2062 1086 2526 1179 fluuiorum
2604 1104 2936 1211 regione
2979 1157 3008 1208 ,
3085 1115 3184 1184 vt

519 1243 613 1308 et
669 1226 766 1310 ad
827 1220 1225 1329 Angaram
1282 1235 1367 1301 et
1426 1213 1817 1302 Baicalem
1873 1237 2133 1325 vsque
2191 1217 2281 1301 in
2345 1218 2694 1329 campis
2751 1234 3183 1341 praecipue

523 1347 1159 1462 Vrinscinenszbus
1257 1370 1302 1429 e
1378 1346 1708 1451 regione
1771 1346 2007 1453 rupis
2061 1345 2149 1431 K
2151 1345 2566 1435 ladowaiae
2644 1362 2728 1429 et
2825 1347 2917 1430 in
3007 1376 3190 1429 ate-

518 1476 734 1563 nofis
797 1473 999 1559 locis
1061 1479 1271 1565 circa
1336 1470 1726 1560 Baicalem
1814 1470 2088 1557 lacum
2190 1478 2598 1587 copiosam
2695 1475 2840 1566 sub
2935 1472 3193 1559 finem

523 1603 749 1711 Aug.
842 1602 1141 1687 menfis
1245 1602 1721 1719 inuenimus
1815 1598 2490 1695 STELLERVS
2554 1620 2639 1689 et
2701 1626 2888 1713 egos
3017 1598 3198 1691 Cel.

522 1728 642 1821 D.
705 1725 1179 1821 LERCHE
1241 1735 1499 1818 etiam
1558 1754 1679 1815 ex
1732 1730 2254 1821 Astrachania
2315 1736 2417 1822 ad
2479 1756 2622 1820 me
2676 1731 3174 1821 transmitit..

817 1860 1019 1950 Icon
1076 1866 1403 1969 virgam
1470 1860 1733 1947 huius
1782 1865 2098 1951 fruticis
2161 1866 2263 1951 ad
2327 1868 2636 1969 viuum
2700 1863 2940 1950 sistit.-

822 1991 943 2081 11.
1004 1991 1180 2079 AX
1180 1989 1374 2078 YRI
1375 1989 1457 2079 S
1514 1990 1773 2078 erecta
1816 2052 1842 2098 ‚
1923 1991 2298 2081 herbacea
2338 2057 2365 2104 ,
2420 1996 2772 2080 amentis
2834 1989 3264 2082 mastuliv

980 2110 1487 2234 fimplicibus
1566 2121 1765 2208 Tab.
1835 2119 1952 2208 11.
2022 2123 2165 2234 fig.
2243 2151 2325 2208 2.
2390 2142 2476 2210 et
2535 2124 2728 2210 Tab.
2797 2120 2970 2209 111.

1104 2252 1400 2349 Axyris
1443 2248 1665 2362 foliis
1728 2254 1983 2336 ouatis
2043 2253 2258 2339 caule
2321 2251 2611 2361 eredo,
2641 2252 2884 2369 spict's
2915 2238 3258 2363 stmpli-ir

1236 2377 1569 2479 ciffimis.
1631 2375 1971 2463 LINN.
2027 2379 2174 2493 Sp.
2226 2379 2326 2488 pL
2408 2408 2485 2461 2·
2554 2397 2634 2491 p.
2712 2388 2985 2478 1389.
3023 2400 3095 2459 n.
3139 2399 3218 2460 2.

815 2499 1086 2592 Radix
1149 2500 1455 2608 lignosa
1512 2501 1626 2581 est
1667 2556 1695 2601 ,
1756 2501 2023 2583 albens
2062 2563 2097 2610 ‚
2184 2507 2447 2586 tenuis
2487 2562 2518 2607 ,
2612 2503 2884 2611 longis
2947 2505 3228 2617 iisque

530 2633 811 2747 paucis
873 2629 1393 2717 albicantibus
1459 2623 1683 2712 fibris
1742 2627 2053 2742 stipata.
2211 2626 2497 2717 Caulis
2562 2632 2652 2716 in
2717 2630 2994 2745 planta
3073 2630 3234 2718 fil·

529 2762 773 2848 vestri
843 2761 1131 2877 pedem
1188 2777 1339 2847 aut
1393 2757 1768 2844 cubitum
1837 2786 2022 2847 mro
2084 2763 2524 2872 superam,
2638 2763 2728 2868 in
2793 2758 3058 2849 hortis
3110 2763 3228 2852 ad

529 2892 1059 2977 altitudinem
1123 2890 1284 2978 fere
1348 2887 1801 2976 humanam
1872 2889 2212 3001 affurgit
2257 2954 2283 2996 ‚
2326 2892 2571 3002 *infra
2631 2889 2907 2999 glaber
2969 2891 3084 2977 est
3144 2909 3238 2978 et

535 3021 887 3129 rubens,
952 3024 1186 3132 supra
1251 3020 1640 3126 lanugine
1707 3021 2084 3129 pubescit.
2244 3020 2479 3107 Folia
2544 3043 2751 3105 mox
2815 3019 2912 3106 ab
2972 3045 3234 3110 exor-

536 3167 630 3233 tu
700 3151 970 3237 multa
1034 3158 1219 3238 sunt
1257 3209 1282 3258 ‚
1381 3143 1621 3234 nullo
1681 3148 1965 3237 ordine
2072 3147 2332 3262 posita
2371 3212 2398 3260 ,
2445 3151 2448 3154 ’
2498 3147 2801 3263 pallide
2857 3151 3154 3237 viridia
3213 3213 3268 3261 ,.

534 3276 974 3367 lanceolata
1018 3340 1043 3389 ,
1105 3297 1457 3389 vtroque
1521 3293 1901 3364 extremo
1958 3299 2193 3366 acuta
2236 3339 2262 3382 ‚
2354 3286 2442 3366 in
2509 3282 2790 3366 medio
2855 3278 3222 3364 semiun-

534 3413 758 3493 ciam
823 3405 985 3486 lata
1024 3469 1048 3511 ‚
1153 3405 1616 3483 breuissima
1682 3403 2068 3506 lanugine
2125 3407 2375 3486 obsita
2418 3463 2447 3506 ,
2538 3408 2813 3484 neruis
2890 3401 3226 3512 oblique

537 3536 638 3620 ad
700 3534 996 3619 costam
1063 3526 1240 3612 lolii
1304 3529 1661 3612 mediam
1725 3528 2340 3612 excurrentibus
2399 3528 2732 3613 obscure
2809 3527 3216 3641 distincta,

533 3663 1069 3772 breuibusque
1132 3655 1461 3769 petiolis
1521 3650 1872 3741 suffulta.
2046 3656 2126 3743 E
2196 3653 2540 3766 fingulis
2599 3655 3002 3744 foliorum
3060 3657 3218 3746 alis
3297 3699 3302 3708 ·

538 3790 901 3902 singulae
966 3786 1369 3900 prodeunt
1432 3788 1689 3896 spicae
1725 3846 1752 3889 ,
1816 3808 2005 3871 raro
2065 3789 2305 3872 vncia
2363 3786 2776 3894 longiores
2813 3845 2840 3892 ,
2921 3788 3220 3899 quibus

541 3919 779 4008 flores
852 3921 1360 4026 exiguorum
1458 3912 1999 4023 globulorum
2086 3918 2355 4001 forma
2451 3916 2920 4001 alternatim
2962 3980 2989 4024 ,
3080 3921 3218 4006 secl

540 4035 766 4160 spiss‘e
830 4046 1270 4134 adhaerent
1310 4106 1335 4147 ‚
1413 4045 1847 4131 constantes
1911 4066 2017 4129 ex
2079 4042 2378 4130 foliolis
2440 4068 2486 4126 e
2549 4043 2814 4133 luteo·
2846 4045 3228 4156 pallidis·

543 4180 777 4267 fimis
811 4237 836 4282 ‚
928 4169 1456 4263 inter-villos
1512 4170 1733 4258 albos
1795 4171 2097 4258 breues,
2130 4176 2736 4283 emicantibus,
2831 4193 2958 4259 ets
3024 4173 3219 4266 fila·

548 4309 919 4409 mentis,
991 4305 1347 4419 apicibus
1420 4300 1722 4417 pallide
1787 4297 2033 4388 luteis
2062 4367 2093 4411 ,
2147 4303 2610 4392 instructis.-
2704 4300 2996 4416 Spinae
3056 4302 3212 4393 hae

552 4454 743 4524 tum
805 4433 1133 4548 longius
1193 4435 1758 4544 fuccrescunt,
1829 4450 1921 4518 et
1958 4456 2160 4547 pars
2223 4453 2608 4527 extrema
2655 4451 2872 4528 tot&
2893 4433 3002 4526 fit
3037 4449 3216 4547 ‘pa-

1785 4559 1858 4653 C
1935 4586 1987 4669 3
2951 4562 3234 4654 leacea.
3283 4622 3287 4626 <
