4414 5652
945 436 2248 528 FRV-CTIFLORAE.
2737 470 2914 547 ¹27

267 694 432 772 rein
490 665 939 771 sustinent,·,
1001 660 1275 771 calyce
1340 670 1421 751 in
1489 666 1647 776 ipsa
1710 655 1879 749 basi'
1927 661 2244 777 aliquot
2314 671 2657 759 minutis
2692 674 2922 784 squa-

265 795 507 884 m‘ulis
563 795 991 883 succind'tO.
1121 796 1430 880 Omnes
1482 795 1720 879 flores
1788 792 2028 877 simul
2098 798 2341 882 sumti
2405 823 2744 910 propter
2783 831 2916 885 ra-

263 928 681 1011 mulorum
740 929 1225 1012 inferiorum
1293 925 1687 1007 maiorem
1760 918 2409 1033 longitudinem,
2472 955 2722 1040 quam
2784 932 2917 1016 su-

254 1059 669 1162 periorum
745 1051 1140 1140 vinbellae
1201 1052 1544 1163 speciem
1609 1053 2057 1140 efformant.

556 1293 686 1379 Ab
749 1291 1037 1410 lenisea
1162 1284 1423 1376 fluuio
1485 1294 1884 1380 orientem
1973 1295 2236 1381 versus
2336 1298 2432 1381 ad
2540 1297 2909 1385 Aldanum

250 1445 477 1532 Vsque
545 1421 898 1506 fluuium
960 1418 1335 1525 indigena
1400 1421 1511 1507 est
1555 1487 1580 1529 ‚
1685 1446 1869 1511 raro
1947 1428 2029 1507 in
2134 1423 2527 1510 montosis
2565 1491 2591 1533 ‚
2693 1429 2912 1538 saepe

251 1550 328 1632 in
387 1549 979 1636 humilioribus
1037 1549 1238 1636 locis·
1302 1553 1786 1659 proueniens
1834 1615 1858 1656 ‚
1955 1553 2170 1636 inter
2231 1556 2523 1661 gradus
2625 1558 2913 1640 latitu-

247 1680 508 1762 dinem
599 1701 708 1781 53
784 1681 880 1764 ad
951 1686 1098 1781 65.
1175 1674 1843 1769 STELLERVS
1955 1699 2227 1766 tamen
2331 1682 2410 1765 in
2520 1681 2914 1768 montosis

245 1805 433 1891 locis
495 1806 866 1920 Angarae
930 1828 1016 1893 et
1081 1806 1298 1891 lacus
1365 1806 1704 1894 Baicalis
1770 1829 2045 1894 natam
2114 1810 2603 1914 Obseruauit,
2671 1814 2916 1919 forte,

246 1938 428 2044 quia
489 1938 637 2021 ista
697 1936 869 2022 loca
937 1963 1100 2023 non
1164 1936 1345 2023 sunt
1411 1936 1700 2024 sterilia
1740 1999 1766 2044 ,
1834 1937 2278 2052 paffimque
2341 1936 2678 2045 syluosa.

544 2191 1051 2278 varietatem
1130 2193 1233 2303 β)
1333 2196 1421 2278 in
1524 2193 1918 2280 montosis
1959 2255 1984 2299 ,
2076 2197 2368 2306 asperis
2411 2257 2438 2297 ,
2540 2194 2917 2307 lapidosis

204 2313 441 2403 -locis
507 2318 712 2406 laici
770 2317 1017 2403 fluuii
1077 2339 1161 2404 et
1226 2320 1315 2401 in
1374 2320 1705 2432 ,Imene'
1775 2338 2057 2405 monte
2156 2327 2569 2430 copiosam
2681 2324 2919 2429 vidi,

236 2446 366 2534 vbi
437 2446 761 2559 plantae
822 2445 1211 2531 naturalis
1272 2470 1373 2529 ne
1444 2448 1881 2552 vestigium
1943 2446 2281 2556 quidem
2365 2468 2538 2533 erat
2583 2510 2606 2554 ,
2714 2473 2917 2563 quae

238 2571 710 2680 longiffimo
769 2573 1059 2662 abhinc
1120 2575 1525 2658 orientem
1601 2574 1871 2660 versus
1933 2575 2029 2659 ad
2108 2572 2476 2662 Ienifeam
2571 2579 2916 2664 demum

239 2698 605 2789 fluuium
639 2772 643 2776 .
674 2705 954 2811 primo
1011 2703 1393 2788 occurrit.
1528 2699 1926 2787 Eiusdem
2006 2704 2323 2809 generis
2417 2695 2590 2792 loca
2691 2693 2934 2794 circa

235 2832 834 2922 Krasnoian‘um
895 2832 1176 2918 vrbem
1234 2832 1569 2916 eandem
1608 2833 2094 2916 varietatem
2130 2832 2508 2941 gignunt.
2608 2833 2909 2950 Campi

237 2962 590 3049 montofi
690 2984 799 3046 ex
841 2963 1201 3065 ‘oriente
1323 2960 1499 3066 iugi
1636 2962 1940 3046 montis
1987 3024 2012 3068 ,
2142 2961 2528 3046 Iablennoi
2646 2968 2834 3051 die'ti
2881 3029 2907 3074 ,

238 3105 453 3175 trans
494 3089 881 3179 Bascalem
946 3088 1078 3173 firi
1118 3153 1143 3193 ,
1238 3084 1656 3198 aliquanto
1718 3091 1951 3175 diCtis
2033 3086 2462 3208 hilariores
2524 3111 2607 3179 et
2673 3096 2905 3181 ferti·

235 3213 483 3307 liores
534 3283 561 3328 ,
624 3220 962 3300 eandem
1026 3218 1391 3314 ferebant.
1544 3216 1933 3326 Lapidosa
2014 3218 2475 3328 steriliaque
2537 3218 2710 3341 loca
2806 3224 2907 3304 ad

230 3340 526 3431 Lenam
587 3344 941 3428 fluuium
1000 3341 1300 3425 Kutam
1365 3358 1449 3419 et
1523 3342 1945 3448 Kirengam
2030 3341 2336 3425 fluuios
2440 3343 2914 3427 interiacen-

232 3476 344 3559 tia
400 3500 499 3560 ω
564 3494 827 3583 porro
882 3467 1490 3554 exornabantur.
1622 3464 2290 3556 STELLERVS
2322 3529 2346 3573 ,
2453 3470 2597 3582 qui
2695 3492 2916 3555 certe·

236 3627 392 3686 non
456 3604 763 3689 metuit
827 3596 969 3686 fibi
1035 3583 1487 3702 ab‘asperis
1551 3591 1748 3676 locis
1789 3654 1815 3696 ‚
1882 3619 2279 3704 nusquam
2345 3590 2581 3683 illam
2668 3603 2908 3684 inue-

234 3728 356 3814 nit
394 3790 424 3835 ‚
489 3730 640 3816 nifi
705 3735 789 3818 in
855 3725 1050 3813 locis
1112 3718 1402 3808 saxosis
1460 3737 1543 3805 et
1607 3722 1996 3807 sterilibus
2035 3784 2058 3827 ‚
2126 3721 2423 3809 Biclam
2487 3747 2573 3812 er
2636 3727 2910 3816 lunam

234 3856 538 3946 fluuios
596 3857 1158 3968 separantibus.
1286 3850 1412 3953 lbi
1479 3869 1756 3941 autem
1818 3852 2320 3971 obseruatam
2419 3882 2576 3967 pro
2672 3857 2907 3971 plan.

238 4004 361 4079 ne
422 3984 520 4108 α)
581 3986 975 4074 varietate
1031 3979 1342 4067 habuit.
1424 4060 1431 4067 .

516 4242 666 4334 Λᾶ
711 4204 1031 4331 iconem
1094 4242 1495 4330 eiusmodi
1564 4239 1881 4351 plantae
1945 4240 2450 4352 exemplum·
2501 4241 2904 4349 inserunt,

239 4374 461 4494 qnod,
515 4398 685 4465 non
748 4374 1035 4464 nimiis
1094 4369 1429 4460 floribus
1526 4366 1914 4458 onustu‘m
2014 4367 2203 4460 esset
2239 4433 2286 4480 ,.
2366 4390 2464 4458 vt
2563 4369 2936 4587 pidltaissgis
