4414 5652
1069 381 2316 509 1n.coMPLETAE.·
2877 412 2995 498 95

344 618 519 708 salsa
582 615 708 709 fit.
838 615 1306 704 Laciniolae
1368 614 1663 703 albidae
1723 612 2040 702 caulem
2123 611 2528 704 hirsutum
2627 618 2930 710 ficiunt
2968 687 2999 731 ,

339 751 499 837 sere
558 752 684 835 vti
751 748 841 832 in
894 749 1207 860 aliquot
1262 744 1680 857 polypodii
1734 744 2131 855 speciebus
2162 749 2574 856 contingit
2613 812 2639 855 ‚
2728 757 3000 862 magis

345 897 612 964 tamen
669 878 776 963 iis
842 877 927 961 in
992 881 1186 963 locis
1245 875 1603 984 copiosae
1669 873 1852 959 sunt
1892 934 1921 979 ,
1993 902 2193 986 quae
2261 877 2690 966 verticillis
2748 880 2997 968 folio·

337 1030 531 1092 rum
596 1007 979 1115 proxima
1041 1010 1234 1107 sunt.
1364 1004 1662 1088 Semen
1722 1002 2242 1097 cochleatum
2315 1008 2426 1090 est
2467 1070 2494 1112 ,
2594 1010 2693 1093 de
2791 1008 2993 1098 reu-

330 1158 503 1246 quo
572 1132 1021 1217 charactere
1114 1129 1330 1215 mihi
1431 1155 1598 1214 non
1693 1133 1997 1219 constat
2033 1197 2059 1242 ‚
2157 1158 2356 1218 cum
2455 1130 2993 1222 BVXBAV·

330 1261 753 1359 MIANA.
797 1280 1073 1356 autem
1140 1261 1369 1347 icone
1433 1259 1695 1351 nostra
1760 1264 2032 1372 planta
2120 1270 2234 1356 'ex
2334 1261 2485 1354 affe
2573 1269 2983 1357 conuenit.

326 1389 619 1477 Nostra
678 1391 879 1495 icon
927 1389 1026 1473 ad
1089 1390 1453 1499 plantam
1526 1386 1811 1475 siccam
1873 1390 2069 1475 facta
2129 1391 2240 1476 est
2281 1453 2308 1505 2
2364 1393 2453 1478 in
2517 1420 2674 1514 qua
2706 1414 2987 1489 tamen

319 1520 417 1616 de
480 1515 890 1604 laciniolis
951 1515 1163 1602 nihil
1233 1518 1497 1637 pistor
1556 1519 1961 1638 expreffit.

437 1764 593 1852 74·
660 1715 1196 1836 SALmLA
1265 1748 1476 1831 sonis
1522 1744 1965 1835 linearibus
2004 1810 2029 1853 ,
2092 1744 2423 1838 alternis
2461 1814 2486 1859 ,
2567 1750 2795 1842 caute
2857 1748 2984 1844 12·

692 1881 1090 1986 nuginoso
1129 1940 1165 1983 ‚.
1219 1879 1466 1963 ramis
1527 1876 1985 1987 parallelis·
2019 1879 2209 1964 Tab.
2276 1884 2478 1971 XX.
2553 1882 2732 1993 Fig.
2810 1908 2882 1970 1.

834 1996 1122 2157 {Kali
1184 2044 1761 2161 vermiculatum
1802 2045 2205 2160 srutieans
2250 2106 2277 2151 ‚
2378 2050 2648 2165 mim
2713 2049 2910 2167 solio
2952 2116 2982 2163 ,

756 2274 765 2283 .
931 2174 1415 2291 Hispanicum
1481 2170 1813 2266 BARR.
1884 2177 1984 2271 ic.,
2063 2181 2281 2263 216.

590 2405 899 2495 Planta·
936 2408 1032 2494 ad
1094 2406 1294 2492 duos
1359 2407 1781 2494 dodrantes
1842 2407 2004 2490 alta
2060 2410 2173 2491 est
2206 2470 2234 2513 ,
2310 2406 2574 2491 etesia
2611 2466 2635 2512 ‚
2733 2425 2980 2519 atque

295 2533 568 2632 radice
634 2533 942 2644 lignosa
1003 2540 1358 2643 gaudet,
1455 2558 1848 2643 perquam
1915 2537 2135 2618 tenui
2179 2522 2232 2639 ‚‘
2305 2535 2563 2640 rigida
2633 2553 2905 2623 tamen
2944 2599 2975 2644 ,

292 2664 718 2748 tn'unciali
778 2664 1098 2751 circiter
1140 2725 1166 2768 ‚
1230 2661 1452 2746 fibris
1511 2658 2034 2769 longiusculis
2073 2724 2099 2767 ‚
2210 2663 2639 2775 aliquoties
2705 2666 2975 2752 subdi-

289 2792 496 2885 vifis
533 2856 561 2899 ‚
656 2791 905 2879 aucsta.
1069 2790 1349 2881 Caulis
1412 2792 1712 2901 pariter·
1779 2788 2143 2896 lignosus
2187 2792 2302 2876 est
2340 2854 2368 2898 ,
2466 2815 2768 2902 pennae
2822 2821 2972 2880 co-

288 2913 702 3008 lumbinae
766 2919 1165 3027 craffitie-‚
1216 2919 1348 3004 ‚ad
1415 2945 1668 3006 vnam
1734 2918 2077 3012 tertiam,
2127 2917 2574 3012 altitudinis
2643 2944 2966 3029 partem

283 3043 644 3135 luteolus
702 3071 787 3160 et
841 3052 1094 3161 sparsa
1188 3049 1653 3160 sordideque
1750 3045 2004 3132 albida
2098 3045 2477 3159 lanugine
2570 3051 2895 3140 vestitus
2933 3118 2967 3165 ,

280 3170 495 3265 hinc
597 3201 822 3268 totus
920 3177 1431 3285 lanuginosus
1470 3238 1497 3281 ,
1594 3178 1955 3261 ramulos
2053 3180 2437 3265 emittens
2539 3180 2898 3267 vnciales
2934 3244 2966 3289 ,

279 3301 725 3392 biunciales
769 3369 794 3409 ,
859 3303 1258 3410 palmares
1298 3365 1326 3404 ,
1387 3305 1895 3409 lanuginosos
1933 3363 1962 3403 ,
2020 3303 2231 3385 cauli
2302 3305 2464 3402 sete
2529 3308 2967 3413 apprefl'os,

277 3431 459 3516 fiue
527 3433 604 3518 ei
670 3426 1097 3543 parallelos
1135 3491 1161 3536 ‚
1257 3426 1473 3513 foliis
1532 3417 1805 3511 caulis
1851 3426 2088 3509 instar
2150 3425 2477 3534 stipatos
2550 3425 2966 3518 succulen-

279 3559 392 3647 tis
437 3621 466 3665 ,
535 3561 823 3654 ereetis
860 3618 886 3661 ‚
951 3555 1265 3652 autad,
1314 3552 1630 3639 caulem
1700 3551 2092 3658 inclinatis
2128 3617 2152 3661 ‚
2220 3558 2502 3665 primo
2570 3553 2962 3668 hirsutis,

280 3688 561 3798 postea
622 3690 785 3778 sere
848 3687 1080 3771 nudis
1115 3748 1142 3791 ,
1221 3679 1891 3788 semiuncialibus
1924 3696 2065 3763 aut
2125 3681 2585 3767 minoribus
2742 3685 2956 3774 Cot..

276 3814 621 3928 puscula
684 3817 1337 3903 intermiscentur
1403 3810 1661 3896 albida
1698 3870 1723 3915 ,
1786 3809 2197 3915 turgidula
2234 3874 2264 3914 ,
2358 3812 2652 3900 leuiter
2714 3842 2956 3906 com-

272 3943 539 4057 pressa
578 4007 603 4048 ‚
705 3947 787 4028 in
854 3944 1134 4052 quibus
1195 3940 1411 4026 nihil
1476 3940 1825 4026 distincti
1886 3938 2335 4027 discernere
2399 3938 2636 4027 licuit
2671 4004 2697 4050 ,
2793 3948 2948 4037 nifi

267 4076 365 4159 in
439 4068 782 4178 singulis
844 4069 1152 4181 lingula
1219 4072 1516 4159 semina
1590 4066 2001 4156 cochleata
2043 4132 2070 4175 ‚
2161 4070 2636 4158 membrana
2725 4076 2947 4162 eius·

272 4202 543 4288 modi·
586 4200 949 4288 inuoluta
988 4268 1014 4309 ‚
1091 4205 1218 4288 vti
1286 4204 1372 4285 in
1438 4197 1596 4288 hoc
1660 4220 1950 4307 genere
2013 4196 2338 4287 solenne
2414 4203 2547 4291 est.
2711 4201 2944 4296 Nul-

264 4325 459 4418 lum
519 4330 743 4420 adest·
793 4329 1101 4421 florum
1164 4333 1598 4442 vestigium
1644 4392 1669 4442 ‚
1734 4329 2019 4417 saltem
2086 4326 2382 4442 talium
2421 4392 2459 4443 ,
2576 4327 2944 4446 qualiboe

2779 4461 2948 4556 hoe
