4414 5652
1033 344 2276 459 INCOMPLssfass.
2801 371 2994 480 ‹m9

321 620 483 713 quo
546 595 960 708 superiora
1028 593 1196 680 fine
1260 590 1598 704 longius
1650 607 1694 678 a
1755 594 2018 680 radice
2080 610 2400 682 remota
2429 653 2453 701 ‚
2485 616 2587 681 eo
2651 596 2979 689 minora

315 747 398 812 ut
459 730 780 813 breuius
848 724 1235 840 petiolata
1282 785 1309 832 ,
1369 743 1469 809 vt
1535 726 1860 808 tandem
1925 724 2010 806 in
2076 723 2304 838 apice
2365 724 2722 812 minima
2797 728 2982 818 lint,

310 853 523 947 Sunt
586 878 879 942 autem.
924 853 1206 964 'glabra
1246 915 1273 958 ‚
1347 852 1649 938 intense
1743 852 2041 938 viridia
2086 915 2115 960 ‚
2223 854 2472 937 aceris
2576 855 2978 946 foliorum

306 1010 545 1071 more
604 983 986 1094 angulosa
1022 1045 1050 1089 ,
1108 984 1312 1065 infra
1375 1005 1539 1066 non
1600 977 1819 1064 nihil
1883 981 2305 1068 albicantia
2336 1040 2367 1087 ,
2431 981 2777 1094 peltata,
2829 992 2978 1098 ita,

300 1131 401 1199 vt
467 1114 813 1226 petiolas
872 1135 1029 1196 non
1095 1108 1191 1191 ad
1245 1131 1551 1216 oram,
1608 1109 1737 1195 sed
1797 1107 2118 1223 aliquot
2185 1108 2433 1196 lineas
2497 1111 2594 1195 ab
2672 1137 2824 1200 ora
2886 1121 2973 1203 in

274 1243 521 1327 *sexta
580 1244 896 1328 circiter
961 1256 1189 1348 parte
1252 1237 1506 1319 totius
1565 1240 1749 1326 folii
1832 1237 2379 1349 longitudinis
2415 1300 2444 1345 ‚
2523 1244 2619 1327 ad
2727 1266 2978 1352 quam

291 1395 588 1456 omnes
649 1367 827 1457 folii
891 1390 1145 1451 venae
1206 1388 1744 1476 concurrunt,
1767 1370 1855 1453 in
1920 1373 2179 1482 ipsum
2244 1366 2547 1455 folium
2617 1371 2967 1460 inser-ua-

296 1518 432 1584 tur
468 1564 494 1608 ,
556 1500 776 1614 quod
842 1494 1110 1586 veluti
1179 1497 1666 1608 pertundere
1731 1499 2085 1585 videtur.
2236 1497 2585 1586 Summa
2686 1520 2974 1589 autem

296 1625 488 1718 folia
522 1691 549 1738 ,
618 1652 825 1746 quae
884 1628 1244 1715 minima
1309 1624 1461 1710 effe
1523 1624 1700 1715 dixi
1754 1691 1785 1737 ,
1864 1630 2028 1714 fere
2093 1624 2505 1737 triangula
2565 1628 2770 1716 sunt.

599 1892 740 1980 Ex
802 1891 953 1981 alis
1016 1889 1437 1981 soliorum
1479 1891 1650 1979 flue·
1712 1890 2210 2008 petiolorum
2279 1889 2717 2005 pedunculi
2777 1915 2969 1976 ena·

283 2020 622 2106 fiuntur
660 2085 686 2126 ,
745 2047 1000 2110 verno
1066 2043 1448 2140 tempore
1508 2021 2071 2112 semiunciales
2108 2089 2135 2134 ,
2200 2020 2546 2109 floribus
2602 2045 2965 2109 racema-

289 2151 452 2232 tim
521 2143 920 2264 dispositis
982 2153 1239 2236 onusti
1279 2215 1306 2258 ‚
1371 2155 1459 2236 in
1527 2152 2043 2242 inferioribus
2146 2150 2626 2264 pedunculis
2722 2150 2967 2264 quin-

281 2299 450 2389 que
515 2280 653 2363 vel
716 2278 853 2361 sex
896 2338 926 2386 ,
985 2278 1399 2387 superiora
1473 2283 1757 2365 versus
1850 2280 2291 2391 paullatim
2390 2280 2905 2389 paucioribus
2945 2337 2972 2384 ,

284 2403 842 2516 monopetalis
879 2469 905 2510 ‚
968 2405 1760 2513 campaniffirmibus
1788 2468 1815 2512 ‚
1869 2403 2396 2490 tintinnabuli
2461 2405 2547 2485 in
2620 2409 2967 2492 modum

285 2535 746 2643 patentibus
782 2592 809 2636 ,
867 2554 1124 2616 Vnam
1185 2531 1508 2617 circiter
1569 2531 1866 2617 lineam
1936 2531 2155 2636 latis,
2214 2528 2652 2617 multifidis
2687 2592 2712 2637 ‚
2765 2557 2968 2646 pen·-

283 2660 503 2747 dulis
542 2724 568 2768 ‚
633 2682 681 2746 e
742 2662 996 2745 viridi
1062 2657 1592 2742 albicantibus
1629 2723 1658 2768 ‚
1734 2658 2080 2770 copiosis
2177 2660 2401 2744 intus
2496 2663 2972 2754 staminibus

276 2790 951 2904 ibetiffiquorum
1014 2784 1399 2874 antherae
1460 2785 1723 2874 flauae
1789 2789 2002 2872 sunt.
2133 2785 2547 2874 Pistillum
2621 2785 2965 2880 STEL-

276 2916 655 3009 LERVS
718 2946 882 3006 non
940 2919 1308 3004 describit
1346 2977 1373 3022 ‚
1437 2918 1581 3030 qui
1642 2917 1897 3005 solam
1955 2914 2393 3002 florentem
2450 2917 2818 3031 plantam
2867 2925 2960 3006 in

272 3049 676 3135 montosis
733 3046 942 3136 locis
1005 3046 1050 3130 I
1052 3050 1356 3135 rcutiae
1416 3047 1643 3132 vrbis
1700 3051 1800 3134 ad
1864 3046 2260 3157 Angaram
2326 3042 2675 3132 fluuium
2742 3078 2790 3135 e
2822 3074 2955 3132 re·

278 3177 525 3283 g‘ione
591 3179 781 3291 pagi
872 3174 1309 3262 Schilcinae
1403 3193 1500 3258 vt
1597 3197 1683 3261 et
1791 3201 2042 3285 prope
2138 3200 2445 3284 pagum
2492 3240 2523 3284 ‚
2611 3201 2959 3286 paruam

274 3303 873 3393 Ronuodnaiam
915 3360 942 3401 ‚
1006 3302 1149 3382 sub
1198 3300 1457 3385 finem
1532 3304 1733 3388 Maii
1796 3303 2263 3384 obseruauit.
2396 3301 2657 3383 Nobis
2756 3330 2966 3387 vero

274 3432 633 3519 eandem
696 3426 1069 3537 plantam
1135 3425 1223 3508 in
1288 3428 1688 3536 superiori
1750 3424 2080 3532 regione
2146 3424 2482 3531 Ieniseae
2543 3423 2782 3537 fluuii
2852 3452 2963 3515 ex

275 3560 609 3648 aduerso
672 3552 1109 3663 Saianerfis
1170 3553 1379 3636 arcis
1436 3572 1517 3636 et
1584 3555 1673 3636 in
1739 3550 2084 3636 vallibus
2143 3552 2544 3636 montofis
2595 3554 2772 3638 eius
2820 3582 2955 3639 re..

283 3691 544 3799 gionis
607 3688 768 3772 fiere
831 3683 973 3767 sub
1034 3683 1404 3765 medium
1467 3681 1809 3769 demum
1873 3677 2376 3790 septembris
2433 3680 2702 3767 fructu
2770 3713 2951 3774 ma-

282 3832 478 3902 turo
537 3816 916 3901 onustam
968 3811 1393 3895 obseruate
1454 3808 1716 3896 licuit.
1844 3805 2290 3893 Peduncuii
2353 3832 2580 3895 erant
2649 3818 2948 3901 ruben-

283 3962 394 4031 tes
429 4007 455 4051 ‚
519 3941 876 4037 vnciales
934 3958 1016 4020 et
1075 3937 1565 4048 biunciales‚
1664 3956 1906 4052 atque
1983 3955 2452 4022 extremum
2523 3948 2793 4026 verius
2857 3948 2948 4031 in

281 4072 565 4186 plures
600 4134 628 4175 ‚
693 4070 981 4153 eodem
1042 4072 1298 4155 modo
1355 4070 1726 4152 rubentes
1769 4128 1793 4173 ,
1873 4067 2568 4155 subdiuidebantur
2605 4132 2636 4176 ‚
2726 4100 2940 4185 quo—

285 4223 479 4287 rum
544 4197 1065 4306 singulorum
1132 4198 1777 4283 extremitatibus
1840 4197 2073 4282 bacca
2144 4197 2518 4282 haerebat
2612 4202 2948 4288 obscure

284 4326 642 4420 caerulea
675 4390 711 4439 ,
774 4322 1207 4413 maiuscula
1240 4389 1273 4438 ‚
1327 4327 1677 4419 rotunda
1724 4385 1751 4430 ‚
1813 4325 2230 4435 glutinoso
2286 4329 2530 4415 succo
2582 4334 2948 4418 rubentis

1562 4454 1647 4542 0
1721 4476 1783 4557 ο»
2498 4536 2507 4545 ,
2638 4456 2953 4548 coloris
