4414 5652
1414 405 1598 464 122
1884 391 1899 398 ’
2057 367 3373 467 FRVCTIFLORAE.

1400 610 1513 695 ita
1580 601 1882 723 assiequi
1939 626 2313 718 nequeo,
2420 620 2518 686 vt
2584 601 2983 693 iudicium
3052 630 3341 694 meum
3407 628 3813 780 exponere
3910 634 4056 699 an-

1402 741 1664 826 deam.
3794 776 3797 778 Α

1705 903 2137 989 Valeriana
2201 901 2472 1015 alpina
2536 896 3137 1008 scrophulariae
3176 902 3404 1008 „folio
3465 901 3559 990 C.
3632 903 3727 992 B.
3796 931 3913 1016 pr.
3985 932 4068 1015 p.

1412 1043 1551 1135 87.
1619 1034 1835 1146 quod
1897 1035 2191 1118 attinet
2256 1033 2354 1116 ad
2417 1029 3038 1137 descriptionem
3083 1090 3106 1133 ‚
3172 1054 3329 1115 non
3391 1029 3604 1114 male
3667 1036 4096 1140 conuenit‚·

1396 1162 1527 1253 sed
1589 1159 1906 1248 nullam
1971 1166 2058 1247 in
2102 1155 2339 1245 'foliis
2401 1154 2869 1241 radicalibus
2930 1158 3234 1242 nostrae
3336 1158 3650 1267 plantae
3750 1165 3848 1247 ad
3948 1164 4077 1245 in-

1398 1293 1836 1382 fertionem
1905 1290 2413 1399 petiolorum
2484 1285 2758 1370 finum
2819 1307 2978 1392 ego
3041 1309 3405 1397 vuquam
3468 1289 3637 1373 vidi
3737 1311 4080 1375 excaua-

1400 1442 1593 1511 tum
1650 1483 1680 1530 ,
1821 1421 1965 1531 qui
2069 1437 2341 1505 tamen
2425 1417 2516 1500 in
2620 1413 2986 1528 pluribus
3028 1457 3034 1463 ·
3081 1416 3337 1502 iconis
3433 1413 4082 1504 BAVHINIA.

1404 1549 1663 1642 NAE
1726 1547 2121 1635 foliorum
2180 1541 2586 1656 exemplis
2639 1543 3061 1654 expreffus
3140 1545 3523 1631 cernitur.
3637 1546 4086 1636 BARRE-

1403 1677 1780 1769 LIERu
1849 1676 2175 1763 iconem
2246 1671 2863 1761 HALLERVS
2932 1672 3425 1783 (iugularem
3467 1695 3726 1761 vocat.
3869 1677 4088 1763 Vm-

1402 1807 1648 1896 bellas
1709 1801 2029 1893 exhibet
2094 1806 2340 1890 nimis
2405 1805 2739 1888 iuuenes
2778 1865 2804 1910 ,
2908 1804 2996 1888 in
3061 1803 3349 1914 quibus
3413 1801 3699 1890 foliola
3762 1810 4083 1911 germi-

1400 1938 1635 2025 nibus
1698 1953 1781 2022 et
1845 1927 2321 2020 vmbellulis
2379 1931 2720 2019 subiecta
2786 1933 3140 2019 naturali
3206 1931 3622 2041 aliquanto
3701 1931 4084 2044 longiora

1399 2064 1893 2153 exhibentur
1934 2125 1960 2170 ,
2054 2087 2255 2174 quae
2372 2059 2673 2148 adultis
2764 2063 3018 2148 etiam
3081 2061 3510 2148 seminibus
3573 2065 3719 2147 vix
3782 2066 3884 2150 ad
3946 2088 4091 2151 eo·

1396 2220 1599 2283 rum
1666 2192 2236 2280 summitatem
2304 2191 2762 2303 pertingere
2828 2190 3143 2277 solent·
3117 2252 3145 2300 ‚
3281 2215 3508 2278 error
3573 2191 3848 2306 itaque
3911 2194 4094 2281 ico·

1393 2329 1524 2440 uis
1585 2323 1701 2416 est
1760 2323 1848 2409 in
1908 2316 2069 2409 sola
2132 2324 2669 2436 proportione
2730 2322 3124 2436 Ριιιιι.ιιιιι

1697 2529 2437 2641 STELLERVS,
2502 2533 2648 2642 qui
2720 2530 3088 2640 plantam
3155 2530 3363 2616 hanc
3437 2531 3524 2614 in
3589 2530 3779 2618 loco
3836 2519 4096 2617 natali

1396 2662 1496 2749 ab
1534 2660 1849 2768 Aldano
1909 2662 2009 2747 ad
2077 2661 2468 2749 Iudomam
2533 2679 2785 2768 vsque
2879 2657 3233 2746 fluuium
3335 2661 3844 2772 frequentem
3946 2659 4102 2745 ob-

1399 2779 1749 2905 seruabit
1787 2854 1814 2899 ,
1873 2793 2051 2880 eius
2110 2790 2465 2880 radicem
2524 2786 2893 2878 describit
2956 2811 3421 2900 repentem,
3486 2788 3810 2873 caulem
3883 2785 4127 2871 fima-

1398 2915 1941 3027 pliciflimum
1983 2984 2008 3026 ‚
2070 2918 2267 3005 folia
2332 2921 2648 3025 integra
2687 2980 2711 3021 ‚
2807 2915 3080 3023 glabra
3123 2976 3150 3019 ,
3251 2914 3349 2997 ad
3411 2936 3594 2996 oras
3691 2910 4102 3023 atriplicis

1395 3043 1642 3131 instar
1709 3044 2089 3150 finuatw,
2167 3044 2410 3152 fiores
2472 3044 2840 3132 candidos
2900 3064 3194 3152 eosque
3261 3043 3566 3154 pariter
3622 3061 3868 3151 atque
3937 3066 4094 3127 ra-

1393 3170 1665 3260 dicem
1727 3174 2005 3260 odoris
2087 3176 2364 3262 omnis
2458 3173 2860 3288 expertes.
3055 3165 3371 3279 (Flores
3456 3163 4095 3265 HALLERVS

1393 3302 1655 3388 roseos
1696 3360 1726 3409 ‚
1827 3299 2179 3389 RAIVS
2269 3290 2569 3387 albidos
2613 3364 2640 3409 ‚
2711 3297 2856 3387 alii
2921 3294 3220 3382 leuiter
3282 3299 3655 3382 rubentes
3719 3293 4086 3407 vocant).

1392 3428 1507 3521 In‘
1560 3427 1973 3540 exemplis
2037 3421 2275 3516 ficcis'
2328 3426 2797 3517 transmiffis
2862 3422 3109 3511 video
3146 3489 3171 3533 ,
3235 3426 3426 3516 iblia
3493 3424 3877 3514 radicalia
3940 3425 4097 3513 effe

1391 3550 1642 3647 onata
1681 3620 1709 3665 ‚
1766 3558 1901 3639 seu
1964 3576 2221 3643 ouato
2284 3553 2722 3645 lanceolata
2760 3621 2788 3668 ,
2884 3559 3148 3640 rarius
3206 3554 3531 3644 dentata
3571 3618 3600 3664 ,
3693 3554 4029 3647 caulina
4068 3615 4095 3663 ,

1391 3708 1561 3800 quo
1624 3680 2006 3771 interiora
2062 3687 2251 3770 sunt
2282 3745 2310 3791 ,
2405 3688 2667 3797 magis
2704 3748 2730 3796 ,
2786 3708 2955 3797 quo
3018 3684 3474 3798 superiora,
3534 3684 3813 3773 minus
3886 3685 4091 3772 den-

1396 3832 1565 3906 tata
1629 3832 1720 3899 et
1778 3806 2102 3899 tandem
2170 3814 2710 3921 integerrima
2771 3830 2860 3899 et
2955 3813 3120 3903 fere
3217 3814 3571 3902 linearia.
3770 3812 4096 3903 Mediis

1395 3940 1616 4029 soliis
1680 3938 2211 4056 plerumque
2293 3942 2510 4031 folia
2584 3945 2909 4034 minora
3008 3944 3325 4054 integra
3404 3945 4022 4032 substernuntur
4072 4002 4099 4052 ,

1398 4069 1673 4182 qualia
1732 4073 1984 4159 etiam
2046 4074 2232 4165 icon
2296 4066 2638 4171 BARR.
2699 4071 2962 4161 habet.
3089 4071 3456 4166 Stamina
3514 4072 3859 4184 lingulis
3929 4075 4093 4167 flo-

1404 4200 1626 4290 ribus
1652 4224 1663 4229 ·
1688 4201 1846 4325 ’Ὦ
1910 4204 2110 4295 sunt.
2844 4273 2848 4277 ,

3882 4446 4088 4543 3.·
