4414 5652
1048 296 2335 476 leerosAE.
2704 287 3018 439 Ima

650 553 754 640 In
815 548 1015 639 locis
1077 553 1420 643 arenosis
1481 558 1690 643 circa
1755 552 1861 639 M
1861 552 2264 663 angustam
2317 572 2404 640 et
2471 555 2521 644 Ι
2520 551 2825 670 eniseam
2885 583 3028 645 oc-

352 677 644 769 currit.

473 873 648 950 43.
713 781 1450 938 CARDAMINE
1505 847 1724 938 foliis
1783 870 1894 931 ex
1957 845 2309 933 lineari-
2353 851 2852 955 lmceolatis,
2918 849 3026 932 fi-

745 996 998 1061 nuato
1033 1023 1074 1039 -
1105 980 1446 1064 dentatis
1484 1039 1510 1080 ‚
1604 975 1963 1062 caulibus
2026 976 2263 1058 nudis
2304 1037 2330 1079 ‚
2428 979 2737 1086 filiquis
2790 1002 3028 1064 com·-

744 1103 1012 1219 preffis
1055 1165 1080 1208 ,
1147 1106 1360 1187 inter
1419 1103 1719 1189 semina
1783 1100 2073 1186 strictis
2113 1162 2140 1205 ,
2206 1097 2417 1190 GM.
2489 1103 2686 1215 Mst.

868 1270 1326 1360 Cardamine
1366 1268 1586 1386 sohis
1633 1265 2101 1385 simplicibus
2199 1268 2627 1356 lanceolatis
2684 1267 3032 1378 sinuato-

991 1397 1337 1483 dentatis
1378 1461 1405 1504 ,
1467 1398 1808 1486 caulibus
1871 1392 2086 1478 nudis
2124 1452 2151 1498 ‚
2236 1397 2473 1498 LIN.
2549 1398 2677 1513 sp.
2778 1422 2859 1479 2.
2943 1411 3028 1511 p.

977 1549 1193 1627 913·
1255 1548 1322 1610 n.
1400 1549 1476 1628 3.

657 1746 1022 1839 Incertae
1084 1748 1284 1836 sedis
1364 1747 1636 1858 planta
1674 1809 1702 1856 ,
1797 1750 2013 1858 quod
2076 1744 2315 1833 flores
2376 1772 2538 1832 non
2636 1737 3051 1832 obseruari

367 1875 698 1960 fuerint.
830 1872 1121 1960 Caules
1198 1872 1690 1966 dodrantales
1730 1937 1757 1980 ,
1824 1876 2040 1960 nudi.
2174 1873 2402 1960 Folia
2467 1871 2734 1980 glabra
2773 1934 2798 1977 ,
2880 1870 3033 1953 fir⁴

377 2025 519 2084 ma
553 2061 579 2104 ‚
645 2020 804 2085 tres
864 2000 1191 2089 circiter
1253 2001 1526 2088 vncias
1589 2001 1851 2116 longa.
1980 1999 2338 2110 Siliquae
2400 2021 2542 2086 aut
2606 2027 2774 2086 vno
2811 2060 2837 2105 ,
2893 2012 3032 2082 aut

293 2135 296 2136 *
371 2128 684 2211 duobus
732 2187 759 2230 ,
853 2146 995 2210 aut
1055 2130 1309 2212 tribus
1370 2146 1821 2239 quatuorue
1916 2123 2207 2213 loculis
2300 2127 2710 2220 distinctae
2799 2148 3033 2211 com-

375 2251 735 2363 pressae,
800 2254 1010 2338 inter
1075 2254 1371 2339 semina
1436 2252 1767 2360 graciles
1804 2312 1830 2357 ,
1893 2251 2071 2337 stilo
2135 2255 2614 2347 terminatae
2678 2253 2983 2343 striatae
3005 2309 3034 2356 ,

365 2376 710 2485 glabrae.
1179 2429 1186 2432 -

688 2507 915 2594 Inter
1020 2503 1398 2597 Iacutiam
1498 2522 1584 2593 et
1677 2501 2074 2596 Ochotium
2135 2497 2799 2614 STELLERVS
2860 2497 3040 2592 col-

376 2632 605 2746 legit.

528 4317 1427 4413 florfflbirxrmm.
1935 4322 2036 4417 m
2072 4350 2163 4413 m
2716 4254 3125 4420 crass
