4414 5652
1238 436 1473 526 ⁸302
1899 397 3219 505 FRVCTIFLORAE.

1502 637 1902 730 Abulnari
1965 640 2069 727 ad
2130 638 2583 724 humanam
2636 654 2729 724 et
2782 662 3359 753 nonnunquam
3426 637 3692 752 paullo
3728 663 3919 727 ma·

1224 772 1494 861 iorem
1555 775 1942 859 excrescit
2035 767 2553 860 altitudinem
2593 830 2624 872 ,
2713 772 3042 857 caudice
3139 773 3230 855 in
3330 761 3916 882 procerioribus

1228 902 1663 987 arbusculis
1704 898 2160 1013 pollicari,
2220 927 2268 985 e
2336 900 2662 982 cinereo
2719 898 3080 985 rubente.
3243 901 3489 988 Rami
3557 904 3918 988 maiores

1225 1034 1530 1117 cortice
1593 1032 1863 1118 albido
1922 1030 2235 1117 duobus
2288 1027 2614 1114 subinde
2677 1028 2933 1110 ramis
3010 1021 3515 1142 palmaribus
3606 1047 3694 1114 et
3794 1034 3919 1112 se·

1225 1157 1746 1271 mipedalibus
1781 1221 1808 1266 ,
1883 1157 2372 1274 plerumque
2431 1156 2521 1240 in
2619 1155 2891 1240 leuem
2988 1182 3276 1243 arcum
3378 1159 3695 1246 inflexis
3735 1219 3802 1263 ,.
3865 1178 3920 1239 e

1226 1290 1501 1373 viridi«
1582 1287 2048 1374 rubentibus
2133 1309 2224 1377 et
2312 1283 2612 1398 pilosis
2690 1283 3088 1395 stipantur
3122 1350 3153 1394 ,
3261 1288 3480 1372 foliis
3585 1281 3919 1393 amictis

1226 1417 1540 1504 duobus
1620 1415 2009 1529 oppositis
2058 1480 2088 1526 ,
2183 1417 2560 1504 mollibus
2652 1414 3159 1532 copiosisque
3252 1417 3622 1503 breuibus
3723 1412 3924 1527 pilis

1227 1549 1892 1659 pubescentibus,
1953 1538 2256 1636 leuit'e'r
2313 1540 2632 1656 rugosis
2683 1606 2712 1650 ,
2769 1543 3012 1655 supra
3073 1553 3329 1633 sature
3375 1612 3406 1657 ,
3465 1549 3674 1633 infra
3740 1541 3928 1656 pal·

1228 1676 1392 1761 lide
1455 1695 1543 1782 et:
1597 1700 1647 1759 e
1706 1674 2000 1783 glauco
2057 1677 2465 1763 viridibus
2508 1735 2542 1782 ‚
2595 1676 2864 1760 ouatis
2894 1737 2925 1782 ,
3012 1675 3318 1762 obtusis
3410 1696 3563 1762 aut
3660 1677 3924 1759 etiam

1228 1804 1601 1894 distinete
1664 1808 2166 1892 mucronatis
2211 1868 2240 1914 ,
2305 1806 2786 1918 pedunculis
2844 1806 3238 1896 trientem
3299 1809 3585 1896 vnciae
3673 1803 3920 1891 circi·
4023 1911 4042 1920 ἱ

1232 1927 1363 2038 ter
1423 1931 1693 2050 longis
1756 1934 2125 2038 suffultis.
2258 1935 2342 2023 Ε
2438 1932 2778 2041 singulis
2875 1933 3272 2021 foliorum
3375 1936 3528 2022 alis
3619 1931 3921 2042 singuli

1226 2081 1531 2148 exeunt
1582 2062 1947 2173 ‘pediculi
2006 2066 2306 2152 virides
2346 2129 2377 2173 ,
2452 2063 2711 2152 rubro
2778 2063 3057 2152 colore
3156 2064 3441 2179 passim
3549 2064 3847 2146 imixto
3889 2123 3926 2169 ,

1227 2181 1599 2302 hirsuti3
1659 2191 2022 2303 quorum
2080 2193 2384 2304 finguli
2446 2195 2764 2282 duobus
2827 2195 3093 2280 onusti
3153 2197 3340 2281 sunt
3421 2192 3927 2303 germinibus

1226 2315 1601 2427 oblongis
1640 2381 1669 2426 ‚
1727 2343 1814 2408 et
1875 2324 2254 2433 germine
2317 2324 2664 2411 totidem
2726 2319 3061 2422 corollis
3099 2388 3124 2432 ,
3188 2347 3395 2436 quae
3426 2321 3725 2414 clausae
3758 2344 3921 2428 cy-

1234 2446 1680 2537 lindraceae
1724 2512 1754 2553 ,
1816 2450 2171 2539 hirsutae
2212 2518 2243 2562 ,
2301 2470 2580 2538 tenues
2619 2514 2650 2560 ,
2705 2477 2755 2533 e
2816 2452 3102 2536 virido
3156 2453 3508 2538 albentes
3545 2513 3574 2559 ,
3635 2471 3721 2535 et
3785 2451 3924 2534 in·
3973 2547 3989 2556 „

1228 2579 1359 2661 sta
1415 2573 1933 2664 tuberosrtate
1990 2582 2344 2689 quadam
2393 2578 2739 2660 -rubente
2803 2575 2893 2657 i‘n
2955 2578 3243 2664 eadem
3303 2576 3513 2665 linea
3598 2582 3934 2690 praedi·

1232 2720 1363 2788 tae
1421 2704 1803 2791 deorsum
1869 2707 2285 2816 pendent,
2348 2691 2674 2815 apertae
2750 2720 3030 2791 autem
3111 2707 3386 2819 paullo
3463 2712 3948 2813 eriguntur,

1232 2853 1322 2919 et
1380 2837 1473 2920 in
1535 2834 1705 2919 duo
1769 2838 2260 2949 panduntur
2297 2832 2498 2920 labia
2538 2899 2569 2941 ,
2648 2859 2910 2918 vnum
3017 2838 3382 2942 superius
3476 2835 3933 2938 linguiibt·

1232 2982 1377 3044 me
1414 3020 1445 3064 ,
1552 2980 1785 3043 extra
1855 2964 2141 3046 rubens
2179 3026 2209 3068 ‚
2272 2963 2491 3046 intus
2555 2985 2601 3043 e
2668 2962 2921 3049 viridi
2988 2960 3302 3071 albens,
3363 2960 3722 3047 alterum
3786 2963 3934 3043 in-

1232 3085 1481 3174 ferius
1539 3084 2091 3196 quadrifidum
2121 3156 2149 3198 ‚
2202 3088 2568 3178 albidum
2609 3148 2643 3195 ‚
2719 3087 3007 3202 paffim
3082 3090 3496 3201 aliquanto
3560 3090 3849 3172 rubens
3892 3152 3933 3196 ‚

1217 3215 1553 3323 'laciniis
1606 3214 1909 3329 obtusis
1950 3284 1979 3326 ,
2039 3220 2337 3305 duabus
2392 3217 2688 3306 mediis
2752 3219 3161 3332 proximis
3205 3282 3236 3324 ,
3296 3218 3561 3307 obiter
3619 3215 3930 3323 incisis,

1234 3347 1537 3434 duabus
1600 3349 1965 3457 externis
2023 3349 2639 3434 remotioribus.
2805 3346 3182 3463 Quinque
3251 3348 3588 3432 stamina
3650 3345 3927 3432 corol-

1234 3479 1341 3564 lis
1392 3473 1970 3582 includuntur,
2023 3502 2232 3586 quae
2298 3472 2743 3560 filamentis
2805 3476 3173 3560 constant
3232 3474 3512 3558 albidis
3572 3492 3658 3557 et
3718 3476 3918 3562 toti-

1236 3608 1433 3688 dem
1512 3600 1887 3707 oblongis
1981 3603 2338 3707 angustis
2427 3598 2864 3706 antheris,
2951 3603 3236 3708 primo
3331 3604 3731 3688 viridibus
3802 3611 3928 3689 ”et

1238 3726 1589 3844 puluere
1647 3728 1975 3814 excusso
2028 3727 2498 3811 albentibus,
2626 3725 2868 3814 Calix
2919 3722 3425 3839 'quadrifidus
3498 3751 3589 3816 et
3666 3734 3926 3844 qnin-

1236 3856 1605 3954 ouessdus
1648 3917 1679 3961 ‚
1734 3857 2246 3947 breuiffimus‘
2280 3921 2308 3963 ,
2369 3857 2651 3941 virens
2719 3874 2807 3941 et
2896 3850 2989 3942 in
3087 3862 3453 3968 margine
3553 3864 3842 3947 rubens
3889 3923 3924 3968 ,

1240 3984 1581 4094 lingulis
1644 3987 2154 4101 germinibus
2205 3983 2499 4072 insidet
2540 4050 2566 4092 ‚
2627 4008 2739 4068 ex
2798 4009 2973 4095 quo
3032 3986 3261 4073 stilus
3318 3992 3632 4075 eminet
3713 3990 3920 4075 albi·

1237 4119 1455 4215 dus,
1515 4113 2024 4199 corollarum
2107 4113 2693 4223 longitudine,
2768 4114 3144 4220 stigmate
3238 4119 3542 4202 virenti
3642 4121 3919 4225 turgi-

1238 4245 1448 4331 dulo
1511 4245 1961 4330 instructus.
2069 4240 2467 4332 Gemina
2531 4245 2855 4330 tandem
2920 4245 3006 4329 in
3067 4256 3334 4340 baccas
3391 4249 3668 4335 rubras
3727 4250 3916 4334 sub-

1239 4376 1693 4479 rotundas,
1742 4372 2249 4487 ,plerumque
2314 4374 2786 4483 distinc’taS,
2859 4398 3455 4493 nonnunquam
3548 4381 3917 4465 inuicem

1082 4618 1089 4629 !
1236 4508 1539 4595 leuiter
1597 4524 2007 4595 concretas
2080 4523 2628 4595 maturantur.
3337 4542 3344 4553 ·
3598 4539 3607 4549 ·
3695 4502 3925 4598 Haec
