4414 5652
1448 331 1638 488 ῆι
2020 372 3441 493 ὢῑκνετιῖιοκΑΕ;

1437 607 1601 694 fint
1640 669 1669 716 ,
1730 632 1894 695 non
1956 611 2309 697 omnino
2367 609 2850 698 conuictum
2912 636 3051 697 me
3107 608 3260 698 effe
3324 602 3829 719 pronuncio,
3875 606 4100 720 quod

1434 739 1714 823 omnia
1780 737 1971 827 haec
2033 745 2180 825 vni
2238 758 2711 852 competant
2811 741 3120 849 speciei.
3284 737 3658 825 Hirsutae
3750 739 4104 850 speciei,

1433 892 1683 976 quam
1749 895 1905 980 pro
1969 872 2291 955 iuniore
2354 868 2624 981 planta
2686 866 2969 972 habeo,
3001 873 3284 976 virgae
3346 870 3565 981 (aepe
3623 868 4095 955 videbantur

1427 997 1913 1083 robustiores
1972 1021 2059 1084 et
2119 1001 2561 1087 diffufiores
2596 1060 2623 1105 ,
2679 998 3008 1108 alterius
3071 1020 3273 1090 vero
3310 1060 3340 1105 ,
3401 1023 3607 1110 quae
3668 996 3858 1082 solia
3936 998 4106 1084 fere.

1266 1221 1275 1224 ,
1427 1123 1702 1232 glabra
1760 1149 1851 1213 et
1949 1121 2164 1215 lauri
2262 1132 2498 1215 instar
2573 1125 2853 1238 ampla
2956 1132 3262 1241 profert
3304 1187 3333 1231 ,
3425 1150 3841 1239 quamque
3941 1151 4095 1240 pro

1424 1257 1814 1341 adultiori
1880 1255 2148 1368 planta
2206 1259 2615 1381 exposui,
2679 1259 2960 1364 'virgae
3017 1259 3454 1361 tenuioreS,
3513 1255 3953 1341 flexiliores
4005 1272 4095 1343 et

1330 1475 1353 1486 „
1425 1385 1701 1468 minus
1764 1394 2187 1494 ramoiae‚
2251 1391 2525 1474 baccae
2586 1387 2938 1472 minores
2996 1405 3085 1469 et
3149 1383 3678 1494 oblongiores.
3749 1384 3845 1473 Id
3880 1386 4095 1496 quod

1428 1511 1779 1613 indicare
1839 1515 2115 1625 volui,
2177 1543 2279 1602 ne
2339 1517 2834 1604 coniecturas
2894 1541 3054 1626 pro
3105 1516 3347 1673 certis
3401 1516 3841 1602 obtrudere
3881 1511 4093 1601 velle

1422 1642 1720 1726 videar.

1557 1787 1646 1873 7.
1706 1766 2327 1860 LONICERA
2392 1765 2864 1885 pedunculis
2922 1770 3293 1881 bifloris,
3345 1739 3601 1860 baccis
3661 1770 4090 1879 distinctu,

1794 1899 2013 1988 foliis
2068 1904 2476 2009 cordatis,
2531 1905 2896 2009 obtutis,
2963 1901 3298 1991 LINN.
3362 1901 3545 2019 Vpfi
3617 1929 3771 2006 42.
3834 1925 3912 1985 n.
4003 1921 4088 2003 3.

1652 2027 2028 2145 7,δ’ῥειι
2105 2030 2305 2118 Tom.
2380 2032 2456 2117 Ι.
2515 2052 2592 2149 p.
2672 2057 2882 2137 173·
2947 2055 3021 2116 n.
3092 2056 3175 2132 5.

1926 2158 2563 2274 Chamaeceralus
2601 2165 2876 2270 srudu
2898 2161 3195 2270 gemino
3230 2161 3466 2248 rubro
3500 2156 3729 2273 soliis
3770 2155 4081 2268 glabris

2045 2290 2459 2397 cordatis,
2526 2293 2837 2379 ΑΜΜ.
2903 2288 3155 2377 Ruth.
3237 2302 3445 2392 184.
3515 2312 3589 2371 n.
3665 2295 3877 2374 262.

1724 2410 1827 2500 In
1903 2413 2104 2503 locis
2180 2416 2689 2526 syluestribus
2789 2420 3223 2524 regionum
3322 2412 4092 2523 Teansbaicalevfium

1411 2534 1833 2650 aliquanto
1886 2543 2116 2628 elatis
2156 2601 2182 2645 ,
2245 2571 2412 2629 non
2472 2547 2707 2630 valde
2777 2541 3164 2631 sterilibus
3238 2547 3417 2630 vidi
3511 2542 3735 2630 hunc
3834 2545 4090 2629 fruti-

1410 2693 1596 2752 cem
1663 2671 2111 2756 excrescere
2172 2669 2261 2753 in
2325 2669 2769 2757 humanam
2837 2696 3084 2783 vsque
3144 2665 3662 2766 altitudinem
3758 2673 4091 2757 caudice

1408 2796 1641 2882 resto
1680 2860 1708 2905 ‚
1769 2798 2011 2905 digiti
2070 2798 2549 2888 auricularis
2604 2801 2947 2888 craffitie
2986 2866 3012 2907 ,
3073 2806 3308 2907 supra
3404 2825 3594 2885 non.
3635 2823 3925 2905 parum
3997 2803 4095 2885 in

1410 2944 1689 3006 ramos
1750 2927 2055 3011 diffilso.
2189 2932 2294 3014 In
2358 2929 2607 3015 horto
2671 2931 3165 3014 Academico
3244 2919 3847 3032 Petropolitano
3945 2925 4098 3012 sub

1404 3046 1555 3134 dio
1613 3050 1700 3134 in
1752 3054 2172 3161 egregiam
2241 3058 2409 3142 iam
2499 3055 2866 3142 arborem
2928 3055 3300 3139 excreuit
3341 3117 3367 3159 ,
3436 3050 3800 3162 pluribus
3899 3051 4098 3134 sur-

1406 3195 1742 3285 gentem
1804 3182 2258 3272 caudicibus
2325 3183 2621 3296 pollice
2683 3182 3181 3270 craffioribus
3222 3242 3250 3284 ,
3322 3184 3568 3290 sesqui
3604 3217 3661 3239 -
3694 3178 4092 3285 orgyiam

1409 3305 1598 3393 altis
1635 3372 1662 3417 ,
1721 3313 2109 3422 vtrinque
2174 3313 2407 3399 valde
2469 3316 2559 3397 in
2621 3308 2914 3396 latum·
2953 3307 3313 3414 diffufis‚
3379 3326 3479 3394 vt
3539 3333 3631 3393 ea
3712 3307 4091 3418 topiariis

1302 3531 1309 3535 ,
1402 3440 2148 3526 accommodiffima
2216 3441 2381 3548 fit,
2481 3444 2860 3550 inprimis
2925 3437 3026 3522 iis
3085 3441 3172 3521 in
3269 3437 3525 3540 lociS,
3622 3434 3764 3521 vbi
3862 3453 4090 3537 tanta

1408 3563 1847 3650 clementia
1908 3567 2118 3651 coeli
2186 3594 2354 3652 ιιοιι
2409 3569 2596 3669 est,
2659 3590 2864 3676 quae
2927 3566 3394 3650 admitteret
3461 3583 3764 3651 teneras
3829 3562 4090 3675 plan-

1411 3705 1533 3776 tas
1591 3710 1677 3778 et
1776 3692 2109 3801 frigoris
2195 3694 2724 3802 impatientes

1709 3809 2059 3928 (Alium
2125 3823 2412 3909 locum
2476 3816 2826 3906 natalem
2891 3740 3278 3908 indicauit
3342 3823 3416 3907 b.
3459 3819 4085 3915 AMMANVS

1407 3941 1462 4028 1.
1526 3971 1594 4030 c.
1662 3948 1961 4039 scilicet
2043 3957 2126 4037 in
2189 3951 2453 4037 media
2524 3951 2728 4036 laici
2794 3951 3180 4059 regione,
3290 3953 3377 4036 in
3437 3951 3811 4040 confiniis
3869 3952 4087 4039 Oro-

1387 4073 1613 4187 polis.
1652 4075 1809 4184 Iis,
1885 4106 2089 4194 quae
2150 4083 2249 4168 de
2307 4079 2455 4164 hac
2517 4078 2788 4189 planta
2851 4077 2926 4164 b.
2988 4079 3599 4173 AMMANVS
3661 4098 3746 4170 et
3815 4082 4090 4170 LIN-

1376 4200 1812 4321 fNAEVs
1875 4206 1929 4299 l.
1992 4240 2063 4300 c.
2133 4212 2662 4317 tradiderunt,
2697 4206 3037 4321 paucula
3091 4211 3179 4297 in
3239 4209 4088 4321 supplementumadr-

1408 4333 1687 4425 iiciam
1727 4402 1756 4452 ‚
1815 4340 2072 4460 elapsa
2132 4343 2418 4475 aestate
2475 4343 2562 4427 in
2628 4338 2879 4453 horto
2940 4342 3211 4429 nostro
3259 4341 3696 4430 obieruata.
3821 4410 3828 4417 .

2669 4522 2676 4533 ·
3834 4468 4084 4559 Nodi
4171 4468 4182 4478 ’
