4414 5652
1428 395 1574 520 ,ρ
1798 531 1813 540 ,
2129 384 3394 488 ·.1NcoMPLETAE.

1430 605 1768 747 quoties
1852 621 2243 719 vidimus.
2345 610 3056 732 GERBERVS
3107 567 3402 706 ‘etiam
3495 618 3749 709 inter
3769 617 4105 735 plantae

1428 765 1622 852 {uas
1682 761 1911 850 fiscan
1972 760 2258 862 habuit
2292 820 2330 868 ,
2422 756 2568 846 vbi
2627 780 2834 846 vero
2895 749 3346 862 collegerit
3368 813 3396 890 ⁹.
3509 778 3676 902 non
3731 761 4108 904 comrnes·

1451 910 1878 981 moratum
1953 891 2098 976 est.
2883 933 2888 936 -
4069 919 4082 928 -

1585 1130 1731 1225 76·
1808 1116 2338 1214 SALSOLA
2401 1115 2618 1226 foliis
2683 1111 2934 1201 ternis
2972 1173 2999 1218 ,
3056 1106 3389 1196 floribus
3452 1095 3854 1199 substratis
3894 1173 3920 1223 ‚
3987 1128 4114 1201 te·

1828 1247 2294 1342 retiusculis
2333 1312 2360 1356 ,
2423 1249 2686 1334 ouatis
2727 1309 2754 1354 ,
2815 1242 3019 1330 flore
3075 1241 3604 1332 breuioribus.

1959 1423 2051 1513 K
2049 1421 2154 1509 ali
2200 1421 2713 1535 fruticosum,
2773 1418 3056 1504 Erica‘e
3094 1413 3285 1531 solio
3348 1410 3695 1499 BVXB.
3762 1410 3986 1501 Cent.
4038 1439 4078 1498 1
4096 1471 4129 1495 .
4219 1357 4224 1364 ι

2046 1570 2168 1670 p.
2215 1565 2296 1640 8.
2357 1550 2556 1641 Tab.
2630 1547 2864 1638 XIV.
2933 1549 3114 1678 Fig.
3192 1570 3275 1628 1.

1753 1742 2036 1836 Multa
2137 1748 2338 1834 huic
2432 1771 2629 1833 cum
2732 1749 3240 1864 praecedenti
3337 1745 3608 1860 planta
3671 1744 4133 1842 similitudo

1440 1857 1956 1985 intercedit,
2045 1882 2323 1974 differt
2417 1900 2698 1965 autem
2801 1882 3228 1992 praecipue
3311 1877 3644 1963 floribus
3701 1881 4056 1967 candidis
4101 1941 4131 1987 ‚

1447 2005 1713 2106 caules
1776 2028 1862 2094 et
1927 2034 2197 2098 ramos
2261 2016 2590 2122 prorsus
2650 2009 3210 2119 obtegentibus
3273 2029 3358 2092 et
3453 2005 3753 2093 foliolis
3855 2010 4180 2100 multo·

1392 2213 1395 2228 ‚
1444 2136 1952 2250 breuioribus
1979 2201 2006 2246 ,
2056 2145 2465 2252 ‹apiceque
2529 2140 2851 2231 obtusis,
3038 2139 3143 2226 In
3211 2138 3615 2222 maiorem
3681 2137 3930 2226 etiam
3997 2143 4134 2225 al-

1444 2269 1891 2377 gitudinem
1961 2259 2413 2377 excrescit,
2512 2271 2961 2381 vtpotead
3023 2271 3385 2353 duorum
3455 2270 3752 2377 pedum
3798 2331 3823 2374 ‚
3923 2272 4132 2379 quin

1441 2393 1542 2506 aq
1604 2398 1962 2500 duarum
2029 2401 2397 2486 triumue
2461 2399 2849 2485 vlnarum
2909 2395 3434 2483 altitudinem
3532 2423 4128 2507 nonnunquam

1329 2619 1334 2623 ‚
1440 2526 1804 2631 surgens.
1969 2524 2319 2611 Ramuli
2387 2542 2728 2629 tenueS,
2827 2525 3127 2630 longi,
3223 2550 3384 2610 non
3449 2526 3895 2612 admodum
3961 2534 4134 2615 fre-

1444 2673 1781 2760 quentes
1842 2653 2028 2735 sunt
2067 2712 2096 2758 ,
2185 2671 2271 2740 et
2334 2648 2673 2738 floribus
2711 2716 2738 2759 ,
2842 2652 2975 2736 vti
3042 2651 3217 2738 iam
3279 2653 3601 2739 dictum
3685 2657 3793 2741 est
3830 2718 3857 2761 ,
3970 2657 4138 2744 toti

1441 2779 1607 2869 fere
1673 2800 2089 2886 teguntur.
2279 2778 2558 2867 Caulis
2621 2784 2830 2868 infra
2890 2777 3128 2889 niger
3168 2847 3194 2888 ,
3273 2783 3666 2893 superiori
3730 2805 3962 2887 parte
4033 2789 4139 2879 in

1444 2907 1649 3011 ficca
1711 2907 1991 3022 planta
2049 2908 2407 2996 eundem
2471 2910 2844 2999 colorem
2904 2910 3222 2995 obtinet
3256 2970 3286 3017 ,
3349 2932 3601 3021 quam
3669 2907 4044 3029 inferior.

1749 3080 1989 3170 Folia
2046 3075 2398 3185 oblonge
2457 3099 2700 3165 ouata
2767 3083 2952 3163 sunt
3001 3140 3024 3184 ‚
3096 3082 3381 3164 teretia
3422 3141 3455 3187 ,
3509 3078 3785 3164 breuia
3826 3144 3850 3188 ‚
3915 3080 4139 3166 laete

1447 3226 1541 3323 et
1591 3235 1701 3295 ex
1761 3211 1993 3294 luteo
2052 3209 2348 3293 viridia
2391 3269 2418 3314 ,
2517 3213 2675 3296 tria
2740 3210 3059 3320 semper
3124 3205 3458 3294 floribus
3523 3208 3856 3316 singulis
3940 3210 4141 3292 sub-

1445 3343 1683 3429 strata
1726 3403 1759 3449 ,
1847 3339 2152 3453 quibus
2241 3339 2669 3449 conspicue
2759 3339 3138 3423 breuiora
3230 3337 3417 3420 sunt
3456 3399 3482 3444 ‚
3606 3334 3795 3421 licet
3883 3333 4137 3421 flores

1450 3473 2023 3577 magnitudine
2126 3471 2601 3552 notabiliter
2697 3471 3064 3551 minores
3162 3460 3322 3544 fint
3378 3524 3405 3567 ,
3529 3488 3778 3566 quam
3885 3461 4138 3548 flores

1451 3590 1997 3706 praecedentis
2063 3596 2382 3697 speciei.
2502 3590 2930 3675 Strustura
2994 3587 3230 3668 floris
3285 3591 3603 3697 prorsus
3665 3592 3944 3711 eadem
3977 3595 4149 3698 est,

1452 3750 1656 3837 quae
1758 3721 1843 3801 in
1929 3715 2427 3830 praecedenti
2501 3716 2796 3827 plinta.
2954 3712 3244 3823 Neque
3299 3720 3536 3801 enim
3606 3718 3748 3805 vel
3814 3721 3897 3806 in
3962 3719 4129 3806 hoc

1398 3898 1401 3901 ‡
1454 3851 1795 3939 stamina
1858 3848 2171 3934 detexit
2236 3841 2832 3932 sollertiffimus
2891 3843 3384 3932 LERCHE
3510 3843 3809 3934 Semen
3872 3876 4132 3961 quam

1455 3981 1543 4063 in
1615 3980 1871 4089 priori
1940 3975 2211 4088 planta
2280 3970 2554 4084 paullo
2624 3978 2964 4083 minuS,
3025 3977 3477 4062 rotundum
3542 3982 4155 4091 compress‘um,.

1455 4110 1774 4216 aliquot
1865 4107 2098 4216 gyris
2134 4100 2898 4192 circumuolutum.
3029 4103 3289 4191 Stilu's
3350 4131 3394 4190 a
3457 4106 3580 4196 cl.
3639 4109 4158 4201 LERCHE

1456 4233 1825 4455 {impllix
1916 4235 2461 4349 describitur,
2557 4237 2776 4330 mihi
2874 4239 2965 4327 in
3044 4232 3238 4324 sicca
3304 4232 3584 4364 planta
3640 4237 3929 4327 bifidus
3992 4241 4138 4324 vi-

1492 4388 1587 4453 us
1649 4394 1696 4458 e
2453 4398 2464 4411 ·

3815 4498 4157 4592 Iisdem
