4414 5652
1447 404 1631 489 272
1874 439 1878 446 ·
2139 363 3425 486 ‘SIL'IQVOSAE

1571 630 1725 712 41.
1793 598 2530 691 CARDAMINE
2594 600 2809 685 foliis
2876 598 3171 685 trifidis
3234 595 3493 679 acutis
3530 652 3560 697 ‚
3615 586 3907 675 laciniis
3963 597 4069 679 in·
4348 637 4349 664 ι

1823 733 2076 838 tegris
2139 727 2277 812 vel
2345 726 2612 812 incifis
2651 791 2675 833 ,
2740 726 2965 820 caule
3026 727 3318 810 cresto.
3387 724 3578 806 Tab.
3649 720 3907 806 LXV.

1781 901 1791 910 ’
1946 888 2410 974 Cardamine
2507 889 2751 1003 alpina
2850 891 3088 1000 minor
3185 884 3479 1001 resedae
3549 879 3771 994 soliis
3809 944 3834 984 ‚
3874 881 3883 887 ’
3899 886 4074 992 flore

2035 1016 2659 1129 purpurafi·ente‚
2728 1015 3166 1102 TOVRN.
3237 1016 3304 1099 Ι.
3378 1018 3475 1100 R·
3550 1010 3653 1095 H.
3719 1009 4075 1122 eademque

2027 1143 2240 1251 flore
2296 1144 2464 1229 albo
2503 1206 2528 1253 ,
2586 1144 3198 1244 STELL.‚1rc.
3275 1166 3487 1244 233.
3563 1161 3779 1239 234.

1746 1366 2130 1457 Altitudo
2193 1367 2701 1456 dodrantalis.
2836 1369 3099 1455 Radix
3159 1369 3324 1454 alba
3369 1431 3393 1476 ,
3460 1365 3741 1450 fibrosa
3786 1431 3811 1476 ‚
3864 1355 4081 1449 'fibris

1443 1499 1792 1608 globulis
1889 1498 2510 1612 cordifotmibus
2607 1496 2885 1581 austis.
3085 1499 3319 1582 Folia
3420 1497 3792 1581 radicalia
3875 1494 4068 1581 nulla

1448 1627 1790 1713 Caulina
1862 1623 2132 1709 trifida
2203 1624 2341 1709 vel
2411 1624 2921 1735 quinquefida
2964 1687 2988 1728 ,
3052 1623 3374 1708 herbide
3439 1625 3737 1707 viridia
3784 1687 3809 1730 ,
3900 1623 4087 1707 diui-

1440 1756 1629 1866 sura
1677 1758 1779 1839 ad
1878 1751 2224 1856 Resedae
2324 1752 2514 1837 folia
2608 1756 3081 1840 accedentia.
3266 1751 3558 1850 «Flores
3660 1748 4091 1839 terminales

1445 1877 1881 1983 maiusculi
1933 1939 1960 1983 ‚
2027 1875 2359 1989 siliquae
2423 1883 2862 2061 adrnodum
2929 1880 3309 1968 elasticae.

1685 2093 1807 2186 'A
1872 2102 1954 2188 T
1941 2126 2096 2187 omo
2161 2104 2428 2188 fluuio
2492 2110 2893 2190 orientem
2961 2106 3229 2190 versus
3323 2109 3409 2190 in
3508 2103 4096 2192 transbaicalen-

1411 2235 1558 2346 ses
1623 2237 1904 2341 vsque'
1943 2231 2312 2339 regiones
2369 2256 2454 2318 et
2519 2236 2615 2318 ad
2687 2235 2977 2320 Lenam
3044 2260 3295 2347 vsque
3360 2232 3725 2319 fluuium
3841 2235 4101 2344 vbique

1438 2365 1806 2471 frequens
1870 2358 2003 2441 est.

1566 2577 1723 2659 42.
1791 2545 2527 2637 CARDAMINE
2592 2551 2805 2635 foliis
2869 2552 3237 2659 oblongis
3276 2553 3666 2642 -seffilibus
3706 2616 3730 2656 ‚
3830 2555 3929 2638 ad
3995 2576 4104 2635 ra·

1811 2677 2307 2895 ssmtltjxgll
2375 2681 2641 2767 rosam
2732 2680 3127 2791 dispositis
3165 2745 3190 2791 ,
3287 2681 3596 2794 siliquis
3681 2683 4105 2781 breuibus,

1746 3028 2040 3112 Caules
2101 3030 2413 3135 pedales
2476 3047 2561 3127 et
2622 3028 2997 3114 cubitales
3035 3089 3060 3132 ,
3118 3023 3313 3109 hinc
3379 3024 3564 3108 inde
3627 3022 3831 3106 torti
3885 3086 3910 3130 ‚
4009 3023 4111 3134 pi-

1440 3154 1611 3242 lofi.
1750 3156 1982 3242 Folia
2045 3160 2144 3242 ad
2213 3171 2519 3239 terram
2586 3155 2671 3238 in
2734 3157 3014 3241 orbem
3097 3154 3439 3263 expansa
3478 3213 3503 3253 ‚
3599 3149 3960 3258 oblonga
4043 3166 4111 3232 et

1442 3286 1766 3392 angusta
1808 3348 1834 3393 ,
1893 3288 2209 3391 integra
2256 3345 2281 3388 ,
2344 3284 2659 3367 dentata
2706 3346 2730 3388 ‚
2795 3281 3247 3368 succulenta
3285 3342 3309 3383 ,
3406 3278 3796 3384 vtrinque
3865 3277 4106 3388 splen-

1445 3412 1713 3497 dentia
1754 3475 1778 3516 ,
1842 3417 2111 3523 aspera
2154 3478 2177 3520 ‚
2236 3412 2330 3493 ad
2397 3434 2578 3495 oras
2641 3411 3149 3519 lanuginosa,
3214 3406 3511 3509 saporis
3577 3403 3820 3487 nulli.
3897 3403 4105 3492 Folia

1445 3534 1760 3621 caulina
1807 3597 1831 3637 ‚
1898 3565 2144 3639 rara,
2212 3539 2672 3619 substantiae
2733 3541 3093 3622 eiusdem
3131 3592 3160 3634 ,
3221 3532 3713 3638 frequentius
3780 3536 4094 3617 dentata.

1446 3664 1731 3749 Flores
1802 3662 1888 3744 in
1954 3661 2430 3743 summitate
2492 3663 2740 3743 caulis
2800 3661 3099 3759 finguli
3144 3719 3169 3762 ,
3249 3659 3768 3765 pedunculati
3814 3722 3841 3763 ‚
3939 3656 4094 3741 albi.

1445 3790 1708 3874 Petala
1808 3787 2045 3873 bifida
2085 3850 2109 3892 ,
2213 3786 2692 3870 subrotunda
2733 3849 2757 3891 ,
2854 3784 3127 3893 calyce
3218 3784 3671 3895 quadrifido
3706 3849 3730 3890 ,
3829 3789 4097 3871 leuiter

1448 3912 1765 4000 hirsuto
1808 3979 1833 4023 ‚
1869 3915 2322 4002 obuoluta.
2456 3912 2796 4022 Capsula
2854 3915 3083 3999 valde
3147 3912 3586 4024 compreffa
3629 3975 3658 4019 ,
3757 3916 4094 3998 semiun-

1446 4044 1569 4127 cia
1670 4040 2040 4150 longior,
2140 4065 2347 4149 quae
2443 4060 2876 4152 antequam
2967 4044 3531 4130 maturitatem
3638 4044 3872 4128 nacta
3958 4038 4085 4140 est,

1448 4171 1783 4258 strombi
1846 4174 1944 4257 ad
2006 4169 2248 4257 instar
2310 4187 2919 4285 contorquetur.

4002 4351 4093 4440 In
