4414 5652
1264 332 1384 471 ω
1595 340 1599 344 ’
1736 300 3200 507 .’1ΝεοΜΡιΕΤΑΕ

1259 590 1599 698 triginta
1694 580 2102 702 surgunt,
2207 594 2518 680 olorini
2616 594 3064 680 admodum
3160 592 3456 678 calami
3518 588 3918 680 craffitie‘
3967 654 4022 669 .f

1249 722 1382 805 sed
1446 739 1528 805 et
1591 721 1813 832 saepe
1875 726 2026 808 vix
2086 722 2656 808 columbinum
2723 737 3111 833 aequante
3149 785 3173 831 ,
3255 722 3605 832 lignosae
3645 786 3676 827 ‚
3738 749 3936 810 cor-

1188 852 1199 859 ’
1265 853 1425 933 tice
1516 850 1797 960 glabro
1834 913 1859 959 ,
1947 852 2386 939 latescente
2469 855 2793 941 vestitae
2833 911 2859 958 ‚
2953 851 3159 935 infra
3241 855 3594 961 gemmis
3661 844 3930 937 veluti

1158 1038 1163 1047 ι
1262 978 1603 1066 nodosae
1642 1045 1669 1090 ,
1731 983 1819 1065 in
1885 1006 2242 1093 quarum
2308 980 2719 1095 plerisque
2775 977 3180 1067 foliorum
3248 986 3720 1069 rudimenta
3795 986 3932 1067 in·-

1255 1105 1513 1195 fident
1549 1173 1576 1219 ‚
1677 1110 2057 1198 cubitales
2097 1178 2124 1222 ‚
2220 1111 2725 1198 dodrantales
2790 1130 2935 1195 aut
2984 1105 3322 1221 altiores
3351 1174 3387 1216 ‚.
3441 1108 3862 1203 humilior·

1254 1240 1508 1327 etiam
1541 1304 1569 1349 ‚
1668 1241 2062 1352 quaedam
2126 1242 2435 1327 erec'tae
2477 1303 2503 1350 ‚
2604 1241 2804 1328 aliae
2871 1243 3108 1351 supra
3177 1259 3482 1327 terram
3545 1245 3838 1351 sparsae
3887 1231 3933 1349 ,ἶ

1252 1366 1665 1482 fimplices
1728 1369 1933 1459 aliae
1978 1437 2004 1482 ‚
2070 1369 2276 1458 aliae
2343 1373 2699 1458 ramosae
2738 1432 2770 1477 ‚
2828 1366 3404 1457 summitatem
3471 1371 3744 1455 versus
3808 1370 3936 1454 al-

1251 1496 1477 1577 bidae
1519 1559 1545 1593 ‚
1609 1499 1832 1600 quast
1896 1504 2155 1580 farina
2210 1504 2557 1595 aspersae
2618 1499 2865 1581 essent
2911 1556 2936 1588 ,
3026 1520 3618 1593 nonnunquam
3680 1489 3968 1572 etiam'

1250 1636 1596 1702 amoene
1696 1614 2080 1699 rubentes
2111 1674 2139 1721 ,
2239 1637 2443 1724 quae
2540 1614 2628 1695 in
2730 1613 2971 1696 tertia
3068 1609 3399 1695 circiter
3480 1608 3938 1709 altitudinis

1261 1761 1494 1858 parte
1558 1743 1779 1830 ibliis
1838 1745 2023 1829 satis
2084 1744 2380 1828 crebris
2444 1738 2722 1827 vestiri
2789 1739 3199 1852 incipiunt
3235 1802 3270 1852 ,
3344 1739 3869 1828 craffiusculis
3907 1802 3933 1854 ,

1178 1950 1185 1961 ,
1263 1873 1506 1960 vncia
1571 1873 1996 1986 aliquanto
2053 1872 2516 1980 latioribu5‚
2559 1887 2690 1957 er*
2738 1897 2899 1984 pro
2957 1871 3277 1957 ratione
3369 1873 3871 1959 breuioribus
3909 1939 3936 1984 ‚

1264 2000 1789 2088 Lauend'ulae
1854 2001 1993 2091 vel
2060 2003 2280 2091 betae
2344 2000 2539 2117 folia
2601 2001 3130 2088 referentibus
3165 2063 3194 2109 ‚
3291 2027 3457 2089 non
3553 2003 3873 2091 venofis
3903 2048 3958 2113 f„
4097 2020 4106 2030 ’

1256 2129 1389 2217 sed
1455 2130 1658 2221 infra
1729 2149 2057 2219 tantum
2123 2157 2383 2222 neruo
2438 2133 2850 2221 eminente
2934 2132 3315 2242 praeditis
3357 2194 3388 2238 ,
3478 2132 3940 2243 ibidemque

1252 2258 1594 2343 cinereis
1655 2279 1801 2346 aut
1866 2260 2386 2348 albicantibus
2426 2324 2453 2368 ,
2542 2265 2785 2375 supra
2898 2260 3426 2349 viridioribus
3469 2321 3500 2366 ,
3593 2262 3690 2344 ab
3783 2285 3975 2343 au-a·

1255 2386 1617 2473 tumnali
1684 2393 2158 2502 tempestate
2222 2392 2562 2476 rubente
2623 2407 2708 2474 et
2773 2388 3002 2471 luteo
3068 2387 3364 2492 variis,
3415 2389 3506 2467 in
3570 2411 3992 2495 quorumss

1256 2511 1411 2602 alis
1474 2513 1884 2620 glomeres
1944 2514 2442 2620 longorum,
2497 2510 2587 2593 in
2648 2507 3239 2629 humilioribus
3323 2509 3624 2624 plantis
3686 2518 3938 2606 etiam

1256 2642 1749 2729 breuiorum
1785 2704 1815 2752 ,
1909 2640 2177 2751 magis
2238 2658 2388 2726 aut
2497 2639 2782 2731 minus
2870 2640 3401 2730 candidorum
3440 2705 3474 2750 ,
3564 2638 3937 2756 pilorum

1260 2770 1702 2882 eriguntur
1739 2835 1767 2882 ,
1862 2769 2081 2855 inter
2178 2795 2384 2884 quos
2480 2769 2640 2857 tria
2740 2784 3146 2884 perpetuo
3236 2774 3542 2860 semina
3606 2771 3937 2865 haerent

1263 2903 1564 3011 exigua
1603 2964 1629 3011 ,
1727 2918 1871 2986 aut
1975 2899 2429 2988 maiuscula
2469 2961 2495 3007 ‚
2594 2900 3079 2988 subrotunda
3118 2966 3144 3012 ‚
3203 2923 3351 2989 aut
3412 2929 3521 2990 ex
3579 2909 3939 2995 rotundo

1256 3033 1718 3119 acuminata
1756 3094 1783 3140 ,
1845 3030 2288 3143 compressa
2324 3097 2350 3142 ‚
2453 3052 2819 3141 quorum
2886 3049 3166 3120 tamen
3230 3059 3426 3126 raro
3481 3040 3770 3126 omnia
3832 3036 3932 3121 ad

1257 3163 1827 3248 maturitatem
1888 3164 2413 3274 perueniunt.
2580 3158 2921 3271 Singula
2988 3182 3271 3252 autem
3335 3165 3638 3250 semina
3722 3165 3934 3248 duo-

1256 3293 1405 3380 bus
1468 3290 1686 3379 foliis
1730 3355 1757 3403 ‚
1888 3314 2289 3404 perquam
2355 3287 2687 3379 hirsutis
2725 3355 2754 3398 ,
2871 3294 2961 3377 in
3026 3315 3332 3379 cornua
3393 3287 3658 3376 veluti
3724 3282 3948 3376 defi·

996 3487 1007 3490 -
1112 3513 1115 3514 f
1266 3421 1637 3507 uentibus
1675 3484 1703 3527 ,
1810 3422 1940 3504 vti
2002 3422 2435 3531 descriptio
2499 3425 2870 3522 generica
2933 3420 3460 3505 LINNAEI
3526 3415 3881 3503 inculcat
3911 3478 3972 3527 ,„

1261 3548 1837 3635 inuoluuntur.
2034 3544 2253 3630 Haec
2333 3542 2444 3625 est
2523 3539 3060 3627 flosculorum
3124 3545 3678 3630 femineorum
3770 3542 3939 3631 dis-

1262 3674 1562 3789 pofitio
1600 3732 1629 3782 ,
1725 3674 1826 3758 de
1921 3671 2215 3781 quibus
2310 3672 2587 3777 itaque
2635 3719 2642 3724 »
2688 3664 2903 3753 nihil
2959 3667 3111 3755 nifi
3168 3666 3442 3756 semen
3505 3691 3934 3761 maturum

1261 3805 1674 3891 obseruare
1736 3801 2000 3886 licuit.
2129 3798 2531 3885 Extrema
2595 3800 2902 3903 versus,
2967 3815 3066 3885 vt
3119 3813 3207 3886 et
3264 3824 3411 3913 per
3475 3820 3740 3892 totam
3773 3805 3937 3891 fere

1258 3928 1516 4019 caulis
1579 3928 2193 4038 longitudinem
2251 3950 2358 4011 ex
2421 3924 2596 4034 ipso
2652 3919 2809 4027 illo
2875 3927 3056 4016 loco
3094 3988 3122 4037 ‚
3178 3934 3316 4019 cui
3378 3931 3703 4018 feminei
3738 3932 3945 4025 flos·-

1259 4058 1435 4149 culi
1501 4053 1849 4144 insident
1895 4117 1919 4163 ‚
2014 4055 2360 4167 spiculae
2422 4053 2770 4164 surgunt
2822 4059 3377 4148 semiunciales
3453 4080 3540 4146 et
3599 4061 3932 4172 longios
4019 4094 4062 4110 *-

1264 4213 1394 4274 res
1456 4189 1711 4274 etiam
1751 4242 1779 4295 ,
1854 4208 1902 4269 e
1967 4182 2198 4277 luteo
2262 4180 2774 4300 pallescentes
2800 4248 2829 4297 ,
2899 4187 3232 4298 sterileS‚
3293 4191 3654 4304 adeoque
3711 4216 3931 4284 mas:-

1261 4312 1499 4407 culae
1533 4379 1567 4433 ‚
1698 4338 2098 4437 perquam
2203 4334 2481 4412 tenues
2520 4376 2550 4431 ‚
2650 4315 3051 4414 anserinae
3110 4344 3424 4445 pennae
3479 4314 3972 4413 admodum„

3559 4447 4024 4573 craffitieffi..
