4414 5652
1022 323 2341 487 FR‘VCTIFLORAE.
2848 402 3024 497 ¹67

860 621 1129 711 Rubeo
1148 625 1202 710 'a
1262 622 1712 734 quadrifolia
1771 622 1979 706 calle
2021 622 2385 727 laxaeffime
2418 623 2708 739 foliosa,
2752 621 3031 731 flacci-

992 753 1086 837 do
1130 815 1154 858 ‚
1223 755 1554 838 HALL.
1621 748 1941 865 Gotting
2036 772 2116 867 p.
2188 782 2337 856 41·

870 881 1231 998 Asperula
1268 882 1517 995 foliis
1591 886 1974 987 quaternis
2017 943 2041 988 ‚
2133 879 2325 970 Enea
2333 881 2547 969 ribus
2589 945 2614 989 ‚
2685 879 3028 994 floribus
3069 918 3074 928 ·

995 1013 1289 1119 trifidis
1330 1071 1354 1114 ‚
1422 1007 1753 1094 HALL.
1826 1033 1976 1095 rec.
2044 1010 2156 1096 ed.
2214 1030 2290 1127 p.
2368 1018 2566 1098 186.

658 1182 918 1269 Radix
995 1180 1477 1290 multiplex,
1544 1182 1919 1267 radiculis
1956 1182 2440 1268 tenuiffimis
2479 1247 2503 1290 ‚
2567 1204 2866 1298 parurn
2903 1207 3037 1268 ra·

362 1310 607 1397 mofis
653 1374 676 1416 ,
742 1311 1004 1418 longis
1069 1334 1541 1395 extremum
1646 1311 1915 1397 versus
1957 1375 1982 1416 ‚
2077 1313 2535 1399 tenuissime
2636 1312 3036 1425 capillatis

360 1440 780 1525 conflatur.
914 1438 1196 1527 Caulis
1258 1439 1630 1529 cubitalis
1675 1505 1700 1549 ,
1795 1441 2422 1553 sesquicubltalis
2460 1505 2487 1549 ,
2579 1461 2662 1527 et
2726 1441 3036 1549 altior3

360 1573 691 1656 inferius
763 1575 978 1683 repit
1020 1633 1045 1677 ‚
1141 1572 1598 1684 ibidemque
1664 1597 1992 1660 croceus
2059 1576 2220 1659 fere
2276 1572 2389 1658 est
2431 1633 2457 1676 ,
2557 1591 2816 1659 cetera
2876 1575 3037 1658 dif-

360 1703 633 1810 fusus,
743 1728 844 1782 ιι
956 1722 1097 1787 aut
1212 1730 1353 1787 12.
1447 1701 1845 1810 geniculis
1914 1697 2528 1791 tumidiusculis
2587 1702 3046 1810 distinctus,

329 1833 820 1940 ibidemque
884 1834 1104 1942 saepe
1175 1831 1395 1943 quafi
1464 1833 1846 1918 infractus
1890 1895 1917 1939 ,
2000 1853 2211 1918 teres
2249 1893 2274 1937 ,
2370 1832 2693 1917 summa
2762 1834 3040 1918 versus

351 1958 813 2068 angulosus.
938 1961 1321 2074 Quatuor
1388 1982 1531 2046 aut
1595 1964 1957 2076 quinque
2024 1962 2405 2048 inferiora
2469 1961 2840 2068 genicula
2886 1962 3039 2049 vix

357 2091 687 2176 vnciam
753 2088 1112 2174 distantia
1176 2091 1362 2176 loco
1422 2117 1526 2176 ex
1591 2078 2077 2203 quo'caulis
2137 2091 2346 2198 erigi
2410 2091 2728 2203 incipit.

660 2257 911 2344 Rami
977 2280 1022 2337 e
1088 2256 1424 2365 singulis
1487 2263 1888 2368 geniculis
1950 2279 2161 2347 vuus
2222 2282 2365 2345 aut
2429 2264 2598 2346 duo
2661 2258 3040 2371 plerum-

352 2407 521 2497 que
611 2386 1024 2491 fastigium
1126 2386 1382 2472 caulis
1474 2387 2023 2498 attingentes,
2084 2386 2577 2496 geniculati,
2628 2384 2881 2471 caulis
2942 2390 3040 2476 ad

357 2514 665 2620 instar,
732 2516 1011 2601 minus
1076 2534 1354 2600 tamen
1418 2516 1820 2606 subdiuifi.
1973 2518 2209 2604 Folia
2276 2535 2631 2630 quatuor
2671 2577 2698 2623 ,
2796 2517 3044 2628 quiu-

358 2669 523 2756 que
583 2662 725 2727 aut
792 2651 959 2754 sex,
1022 2644 1109 2727 in
1175 2646 1502 2732 summo
1565 2645 1798 2732 caule
1859 2666 1942 2732 et
2008 2648 2264 2733 ramis
2326 2647 2497 2734 duo
2559 2648 2972 2734 interdum
3012 2708 3041 2757 ‚

356 2770 762 2879 linearia,
832 2799 1095 2859 vnum
1162 2794 1244 2861 et
1325 2774 1677 2862 alterum
1779 2776 2199 2861 interdum
2300 2773 2648 2864 bifidum
2694 2839 2722 2885 ,
2818 2778 3043 2863 inae-

361 2902 614 3013 qualis
714 2901 1263 3012 longitudinis
1300 2968 1325 3012 ‚
1392 2910 1781 3018 vti-inque
1875 2909 2169 2995 viridia
2230 2926 2491 2995 acuta.

663 3072 943 3158 Flores
1035 3103 1142 3164 ex
1235 3078 1573 3162 summo
1666 3077 1901 3163 caule
1995 3098 2080 3165 et
2177 3076 2430 3163 ramis
2499 3077 3035 3191 panniculatim

357 3202 803 3312 prodeunt.
937 3205 1144 3289 Tres
1210 3207 1616 3287 nimirum
1648 3202 1653 3209 ’
1683 3204 1989 3291 ramuli
2052 3204 2445 3311 venales,
2505 3232 2612 3289 ex
2675 3208 3041 3289 duorum

346 3331 762 3421 {bliorum
863 3348 1119 3418 ouato
1212 3328 1760 3438 oblongorum
1838 3348 1983 3416 aut
2050 3332 2494 3414 linearium
2557 3332 2706 3412 alis
2747 3392 2775 3437 ,
2842 3355 3039 3442 pro·-

359 3460 617 3553 deuut
660 3521 687 3566 ‚
777 3482 1143 3569 quorum
1218 3459 1740 3565 fingulorum
1805 3459 2203 3544 extremis
2260 3460 2429 3545 duo
2492 3457 2770 3544 ibli‘ola
2836 3484 3042 3545 oua-

361 3604 442 3672 ta
506 3607 651 3671 aut
725 3589 1045 3675 minora
1109 3588 1628 3699 affiguntur,
1694 3613 1740 3669 e
1806 3586 2098 3697 quibus
2161 3587 2438 3670 rursus
2511 3606 2668 3669 tres
2731 3585 3044 3675 ramuli

361 3718 773 3804 breuiores
807 3781 836 3828 ,
927 3717 1239 3806 horum
1334 3718 1502 3802 duo
1598 3716 1967 3802 laterales
2062 3711 2342 3800 foliola
2415 3738 2804 3827 perquam
2875 3720 3032 3802 mi·

363 3865 563 3931 nuta
625 3848 795 3932 duo
858 3848 947 3932 in
1010 3868 1396 3935 extremo
1450 3868 1747 3955 gerunt
1787 3907 1811 3954 ,
1880 3864 2276 3961 quorum
2343 3841 2490 3929 alis
2541 3845 3045 3963 'breuiffimis

370 3974 759 4088 pediculis
858 3996 1019 4062 tres
1117 3997 1201 4063 et
1297 3997 1654 4090 quatuor
1753 3968 2170 4059 interdum
2278 3962 2596 4059 flosculi
2668 3973 3040 4065 infident.

370 4104 696 4192 Medius
788 4109 1037 4193 etiam
1104 4104 1480 4194 ramulus
1556 4105 1822 4205 tribus
1877 4125 2020 4190 aut
2083 4122 2442 4216 quatuor
2505 4101 2872 4214 floribus,
2933 4130 3042 4192 ex

362 4233 653 4336 eodem
719 4255 998 4322 centro
1057 4236 1433 4332 breuibus
1518 4234 1907 4346 pediculis
1999 4234 2578 4345 prodeuntibus
2618 4296 2643 4340 ,
2745 4238 3042 4320 termi-

347 4381 632 4450 natur.
766 4363 1194 4455 Interdum
1258 4362 1638 4457 ramulus
1700 4364 2206 4451 secundarius
2274 4363 2670 4452 trifariam
2735 4364 3046 4455 diuid‘·

2813 4558 2822 4561 -
2871 4512 3043 4607 tur,
