<?xml version="1.0" encoding="UTF-8"?>
<!DOCTYPE html PUBLIC "-//W3C//DTD XHTML 1.0 Transitional//EN"
    "http://www.w3.org/TR/xhtml1/DTD/xhtml1-transitional.dtd">
<html xmlns="http://www.w3.org/1999/xhtml" xml:lang="en" lang="en">
 <head>
  <title>
</title>
<meta http-equiv="Content-Type" content="text/html;charset=utf-8" />
  <meta name='ocr-system' content='tesseract 3.04.00' />
  <meta name='ocr-capabilities' content='ocr_page ocr_carea ocr_par ocr_line ocrx_word'/>
</head>
<body>
  <div class='ocr_page' id='page_1' title='image "./florasibiricasi01gmelgoog_0052.png"; bbox 0 0 4414 5652; ppageno 0'>
   <div class='ocr_carea' id='block_1_1' title="bbox 3033 218 3089 238">
    <p class='ocr_par' dir='ltr' id='par_1_1' title="bbox 3033 218 3089 238">
     <span class='ocr_line' id='line_1_1' title="bbox 3033 218 3089 238; baseline 0 0"><span class='ocrx_word' id='word_1_1' title='bbox 3033 218 3089 238; x_wconf 59' lang='lat' dir='ltr'>el</span> 
     </span>
    </p>
   </div>
   <div class='ocr_carea' id='block_1_2' title="bbox 1402 340 3374 518">
    <p class='ocr_par' dir='ltr' id='par_1_2' title="bbox 1402 340 3374 518">
     <span class='ocr_line' id='line_1_2' title="bbox 1402 340 3374 518; baseline -0.006 -18"><span class='ocrx_word' id='word_1_2' title='bbox 1402 382 1554 518; x_wconf 58' lang='lat'>4⁸</span> <span class='ocrx_word' id='word_1_3' title='bbox 1844 402 1857 407; x_wconf 85' lang='grc'><strong>’</strong></span> <span class='ocrx_word' id='word_1_4' title='bbox 2153 340 3374 499; x_wconf 55' lang='grc' dir='ltr'><strong>ΙΝΕΟΜΡιΕῶΑΕ.</strong></span> 
     </span>
    </p>
   </div>
   <div class='ocr_carea' id='block_1_3' title="bbox 1910 628 4088 1035">
    <p class='ocr_par' dir='ltr' id='par_1_3' title="bbox 1910 628 4088 1006">
     <span class='ocr_line' id='line_1_3' title="bbox 1910 628 4088 748; baseline 0 -30"><span class='ocrx_word' id='word_1_5' title='bbox 1910 628 2354 745; x_wconf 79' lang='lat' dir='ltr'><em>Polygonum</em></span> <span class='ocrx_word' id='word_1_6' title='bbox 2427 629 2771 741; x_wconf 81' lang='lat' dir='ltr'>floribus</span> <span class='ocrx_word' id='word_1_7' title='bbox 2826 632 3292 721; x_wconf 61' lang='grc' dir='ltr'>Ἰνεκαηᾱνίε</span> <span class='ocrx_word' id='word_1_8' title='bbox 3389 629 3704 745; x_wconf 79' lang='lat' dir='ltr'>digym&#39;s</span> <span class='ocrx_word' id='word_1_9' title='bbox 3756 696 3784 741; x_wconf 84' lang='lat'>,</span> <span class='ocrx_word' id='word_1_10' title='bbox 3863 629 4088 748; x_wconf 70' lang='lat' dir='ltr'>spicit</span> 
     </span>
     <span class='ocr_line' id='line_1_4' title="bbox 2041 761 4087 879; baseline -0 -29"><span class='ocrx_word' id='word_1_11' title='bbox 2041 781 2271 850; x_wconf 82' lang='lat' dir='ltr'>ouato</span> <span class='ocrx_word' id='word_1_12' title='bbox 2303 807 2346 824; x_wconf 90' lang='lat'>-</span> <span class='ocrx_word' id='word_1_13' title='bbox 2370 761 2709 876; x_wconf 82' lang='lat' dir='ltr'><em>oblongis</em></span> <span class='ocrx_word' id='word_1_14' title='bbox 2738 824 2763 865; x_wconf 92' lang='lat'>‚</span> <span class='ocrx_word' id='word_1_15' title='bbox 2820 763 3030 863; x_wconf 67' lang='lat' dir='ltr'>[obis</span> <span class='ocrx_word' id='word_1_16' title='bbox 3095 762 3529 851; x_wconf 78' lang='lat' dir='ltr'>lanceolatis</span> <span class='ocrx_word' id='word_1_17' title='bbox 3569 762 3881 879; x_wconf 81' lang='lat' dir='ltr'>stipulis</span> <span class='ocrx_word' id='word_1_18' title='bbox 3967 766 4087 850; x_wconf 78' lang='lat' dir='ltr'>ci·-</span> 
     </span>
     <span class='ocr_line' id='line_1_5' title="bbox 2036 888 3906 1035; baseline -0.001 -56"><span class='ocrx_word' id='word_1_19' title='bbox 2036 891 2307 999; x_wconf 77' lang='lat' dir='ltr'>Iiatis‚</span> <span class='ocrx_word' id='word_1_20' title='bbox 2374 890 2614 980; x_wconf 92' lang='lat' dir='ltr'>LIN.</span> <span class='ocrx_word' id='word_1_21' title='bbox 2680 888 2831 1035; x_wconf 82' lang='lat' dir='ltr'>Sp.</span> <span class='ocrx_word' id='word_1_22' title='bbox 2872 889 2986 1003; x_wconf 85' lang='lat' dir='ltr'>pl.</span> <span class='ocrx_word' id='word_1_23' title='bbox 3056 915 3133 977; x_wconf 84' lang='lat'>1.</span> <span class='ocrx_word' id='word_1_24' title='bbox 3184 910 3271 1006; x_wconf 84' lang='lat' dir='ltr'>p.</span> <span class='ocrx_word' id='word_1_25' title='bbox 3347 903 3563 995; x_wconf 80' lang='lat'>518.</span> <span class='ocrx_word' id='word_1_26' title='bbox 3619 915 3692 981; x_wconf 85' lang='lat' dir='ltr'>n.</span> <span class='ocrx_word' id='word_1_27' title='bbox 3769 912 3906 978; x_wconf 78' lang='grc' dir='ltr'>ιο.</span> 
     </span>
    </p>
   </div>
   <div class='ocr_carea' id='block_1_4' title="bbox 1926 1063 4098 1313">
    <p class='ocr_par' dir='ltr' id='par_1_4' title="bbox 1926 1063 4069 1313">
     <span class='ocr_line' id='line_1_6' title="bbox 1926 1063 2998 1187; baseline -0.01 -31"><span class='ocrx_word' id='word_1_28' title='bbox 1926 1063 2016 1187; x_wconf 81' lang='grc' dir='ltr'>α)</span> <span class='ocrx_word' id='word_1_29' title='bbox 2082 1067 2349 1158; x_wconf 84' lang='lat' dir='ltr'>Foliis</span> <span class='ocrx_word' id='word_1_30' title='bbox 2406 1068 2611 1153; x_wconf 87' lang='lat' dir='ltr'>infra</span> <span class='ocrx_word' id='word_1_31' title='bbox 2677 1066 2998 1153; x_wconf 74' lang='lat' dir='ltr'>incaniS.</span> 
     </span>
     <span class='ocr_line' id='line_1_7' title="bbox 2061 1186 4098 1313; baseline -0.003 -28"><span class='ocrx_word' id='word_1_32' title='bbox 2061 1195 2489 1308; x_wconf 73' lang='lat' dir='ltr'>Perficaria</span> <span class='ocrx_word' id='word_1_33' title='bbox 2519 1186 2707 1313; x_wconf 76' lang='lat' dir='ltr'>fhlio</span> <span class='ocrx_word' id='word_1_34' title='bbox 2743 1194 3032 1313; x_wconf 78' lang='lat' dir='ltr'>subtus</span> <span class='ocrx_word' id='word_1_35' title='bbox 3105 1194 3369 1286; x_wconf 78' lang='lat' dir='ltr'>incana</span> <span class='ocrx_word' id='word_1_36' title='bbox 3425 1197 3531 1286; x_wconf 86' lang='lat' dir='ltr'>R.</span> <span class='ocrx_word' id='word_1_37' title='bbox 3621 1194 3804 1302; x_wconf 79' lang='lat' dir='ltr'>Syn.</span> <span class='ocrx_word' id='word_1_38' title='bbox 3914 1190 3964 1280; x_wconf 89' lang='lat' dir='ltr'><strong><em>I</em></strong></span> <span class='ocrx_word' id='word_1_39' title='bbox 3968 1190 4016 1280; x_wconf 86' lang='grc' dir='ltr'><strong><em>Ι</em></strong></span> <span class='ocrx_word' id='word_1_40' title='bbox 4019 1190 4098 1279; x_wconf 87' lang='grc' dir='ltr'><strong><em>Ι</em></strong></span> 
     </span>
    </p>
   </div>
   <div class='ocr_carea' id='block_1_5' title="bbox 2201 1343 2416 1427">
    <p class='ocr_par' dir='ltr' id='par_1_5' title="bbox 2201 1343 2416 1427">
     <span class='ocr_line' id='line_1_8' title="bbox 2201 1343 2416 1427; baseline -0.011 0"><span class='ocrx_word' id='word_1_41' title='bbox 2201 1343 2416 1427; x_wconf 83' lang='lat'>145·</span> 
     </span>
    </p>
   </div>
   <div class='ocr_carea' id='block_1_6' title="bbox 2065 1450 4113 1743">
    <p class='ocr_par' dir='ltr' id='par_1_6' title="bbox 2065 1450 4113 1743">
     <span class='ocr_line' id='line_1_9' title="bbox 2065 1450 4113 1618; baseline 0 -26"><span class='ocrx_word' id='word_1_42' title='bbox 2065 1502 2498 1618; x_wconf 66' lang='lat' dir='ltr'>Perficaria</span> <span class='ocrx_word' id='word_1_43' title='bbox 2538 1450 2765 1615; x_wconf 84' lang='lat' dir='ltr'>soliis</span> <span class='ocrx_word' id='word_1_44' title='bbox 2824 1525 2961 1588; x_wconf 85' lang='lat' dir='ltr'>non</span> <span class='ocrx_word' id='word_1_45' title='bbox 3012 1498 3341 1595; x_wconf 75' lang='lat' dir='ltr'>serratis</span> <span class='ocrx_word' id='word_1_46' title='bbox 3382 1562 3409 1608; x_wconf 89' lang='lat'><strong>,</strong></span> <span class='ocrx_word' id='word_1_47' title='bbox 3453 1497 3739 1618; x_wconf 70' lang='lat' dir='ltr'>subtut</span> <span class='ocrx_word' id='word_1_48' title='bbox 3815 1519 4113 1592; x_wconf 81' lang='lat' dir='ltr'>tomen-</span> 
     </span>
     <span class='ocr_line' id='line_1_10' title="bbox 2192 1629 3431 1743; baseline -0.002 -29"><span class='ocrx_word' id='word_1_49' title='bbox 2192 1633 2446 1743; x_wconf 78' lang='lat' dir='ltr'><em>tqfis,</em></span> <span class='ocrx_word' id='word_1_50' title='bbox 2508 1629 2846 1731; x_wconf 86' lang='lat' dir='ltr'>HALL.</span> <span class='ocrx_word' id='word_1_51' title='bbox 2915 1629 3150 1719; x_wconf 84' lang='lat' dir='ltr'><em>Helu.</em></span> <span class='ocrx_word' id='word_1_52' title='bbox 3230 1642 3431 1720; x_wconf 82' lang='lat'>181.</span> 
     </span>
    </p>
   </div>
   <div class='ocr_carea' id='block_1_7' title="bbox 1943 1802 2778 1929">
    <p class='ocr_par' dir='ltr' id='par_1_7' title="bbox 1943 1802 2778 1929">
     <span class='ocr_line' id='line_1_11' title="bbox 1943 1802 2778 1929; baseline -0.003 -29.822"><span class='ocrx_word' id='word_1_53' title='bbox 1943 1802 2040 1929; x_wconf 82' lang='grc' dir='ltr'>β)</span> <span class='ocrx_word' id='word_1_54' title='bbox 2107 1808 2491 1900; x_wconf 85' lang='lat' dir='ltr'>Floribus</span> <span class='ocrx_word' id='word_1_55' title='bbox 2552 1810 2778 1900; x_wconf 78' lang='lat' dir='ltr'>albis,</span> 
     </span>
    </p>
   </div>
   <div class='ocr_carea' id='block_1_8' title="bbox 2064 1980 4218 2226">
    <p class='ocr_par' dir='ltr' id='par_1_8' title="bbox 2064 1980 4218 2226">
     <span class='ocr_line' id='line_1_12' title="bbox 2064 1980 4218 2210; baseline -0.002 -133"><span class='ocrx_word' id='word_1_56' title='bbox 2064 1988 2793 2210; x_wconf 50' lang='lat' dir='ltr'>Peificgiaflmitis</span> <span class='ocrx_word' id='word_1_57' title='bbox 2823 1990 3176 2105; x_wconf 80' lang='lat' dir='ltr'>floribus</span> <span class='ocrx_word' id='word_1_58' title='bbox 3236 1988 3614 2103; x_wconf 80' lang='lat' dir='ltr'>candidis,</span> <span class='ocrx_word' id='word_1_59' title='bbox 3657 1980 4105 2079; x_wconf 84' lang='lat' dir='ltr'>TOVRN.</span> <span class='ocrx_word' id='word_1_60' title='bbox 4211 2101 4218 2105; x_wconf 11' lang='grc' dir='ltr'>ἠ</span> 
     </span>
     <span class='ocr_line' id='line_1_13' title="bbox 2668 2143 2885 2226; baseline 0.011 -2"><span class='ocrx_word' id='word_1_61' title='bbox 2668 2143 2718 2224; x_wconf 84' lang='grc'><strong><em>5</em></strong></span> <span class='ocrx_word' id='word_1_62' title='bbox 2733 2148 2885 2226; x_wconf 85' lang='grc'>09·</span> 
     </span>
    </p>
   </div>
   <div class='ocr_carea' id='block_1_9' title="bbox 1728 2284 3299 2404">
    <p class='ocr_par' dir='ltr' id='par_1_9' title="bbox 1728 2284 3299 2404">
     <span class='ocr_line' id='line_1_14' title="bbox 1728 2284 3299 2404; baseline 0 -28"><span class='ocrx_word' id='word_1_63' title='bbox 1728 2284 1840 2376; x_wconf 84' lang='lat' dir='ltr'>In</span> <span class='ocrx_word' id='word_1_64' title='bbox 1898 2289 2139 2377; x_wconf 88' lang='lat' dir='ltr'>omni</span> <span class='ocrx_word' id='word_1_65' title='bbox 2198 2285 2517 2378; x_wconf 84' lang='lat' dir='ltr'>Sibiria</span> <span class='ocrx_word' id='word_1_66' title='bbox 2577 2290 2864 2404; x_wconf 84' lang='lat' dir='ltr'>paffim</span> <span class='ocrx_word' id='word_1_67' title='bbox 2925 2292 3299 2377; x_wconf 85' lang='lat' dir='ltr'>nascitur.</span> 
     </span>
    </p>
   </div>
   <div class='ocr_carea' id='block_1_10' title="bbox 1342 2462 4158 3346">
    <p class='ocr_par' dir='ltr' id='par_1_10' title="bbox 1342 2462 4158 3346">
     <span class='ocr_line' id='line_1_15' title="bbox 1735 2462 4126 2582; baseline 0 -30"><span class='ocrx_word' id='word_1_68' title='bbox 1735 2466 2042 2553; x_wconf 78' lang='lat' dir='ltr'>Fateor</span> <span class='ocrx_word' id='word_1_69' title='bbox 2099 2526 2131 2570; x_wconf 87' lang='lat'>‚</span> <span class='ocrx_word' id='word_1_70' title='bbox 2230 2470 2507 2550; x_wconf 84' lang='lat' dir='ltr'>stilum</span> <span class='ocrx_word' id='word_1_71' title='bbox 2575 2492 2741 2545; x_wconf 87' lang='lat' dir='ltr'>non</span> <span class='ocrx_word' id='word_1_72' title='bbox 2806 2473 3122 2572; x_wconf 86' lang='lat' dir='ltr'>semper</span> <span class='ocrx_word' id='word_1_73' title='bbox 3174 2462 3589 2582; x_wconf 85' lang='lat' dir='ltr'>duplicem</span> <span class='ocrx_word' id='word_1_74' title='bbox 3655 2485 3790 2547; x_wconf 89' lang='lat' dir='ltr'>me</span> <span class='ocrx_word' id='word_1_75' title='bbox 3849 2464 4126 2552; x_wconf 84' lang='lat' dir='ltr'>obser·</span> 
     </span>
     <span class='ocr_line' id='line_1_16' title="bbox 1433 2582 4158 2701; baseline 0.001 -23"><span class='ocrx_word' id='word_1_76' title='bbox 1433 2587 1656 2678; x_wconf 67' lang='lat' dir='ltr'>vaffe</span> <span class='ocrx_word' id='word_1_77' title='bbox 1695 2649 1725 2694; x_wconf 93' lang='lat'>,</span> <span class='ocrx_word' id='word_1_78' title='bbox 1826 2591 2053 2701; x_wconf 80' lang='lat' dir='ltr'>saepe</span> <span class='ocrx_word' id='word_1_79' title='bbox 2154 2606 2431 2675; x_wconf 85' lang='lat' dir='ltr'>tamen</span> <span class='ocrx_word' id='word_1_80' title='bbox 2530 2588 2737 2673; x_wconf 87' lang='lat' dir='ltr'>infra</span> <span class='ocrx_word' id='word_1_81' title='bbox 2831 2607 3251 2677; x_wconf 85' lang='lat' dir='ltr'>concretus</span> <span class='ocrx_word' id='word_1_82' title='bbox 3348 2609 3521 2676; x_wconf 83' lang='lat' dir='ltr'>erat</span> <span class='ocrx_word' id='word_1_83' title='bbox 3558 2653 3582 2697; x_wconf 88' lang='lat'>‚</span> <span class='ocrx_word' id='word_1_84' title='bbox 3709 2614 3856 2676; x_wconf 89' lang='lat' dir='ltr'>nec</span> <span class='ocrx_word' id='word_1_85' title='bbox 3959 2582 4158 2681; x_wconf 47' lang='lat' dir='ltr'>sta?</span> 
     </span>
     <span class='ocr_line' id='line_1_17' title="bbox 1446 2715 4120 2832; baseline 0 -23"><span class='ocrx_word' id='word_1_86' title='bbox 1446 2721 1788 2809; x_wconf 85' lang='lat' dir='ltr'>minum</span> <span class='ocrx_word' id='word_1_87' title='bbox 1888 2741 2281 2804; x_wconf 87' lang='lat' dir='ltr'>numerus</span> <span class='ocrx_word' id='word_1_88' title='bbox 2377 2715 2742 2806; x_wconf 84' lang='lat' dir='ltr'>constans</span> <span class='ocrx_word' id='word_1_89' title='bbox 2832 2720 2970 2825; x_wconf 37' lang='lat' dir='ltr'>est,</span> <span class='ocrx_word' id='word_1_90' title='bbox 2996 2782 3024 2826; x_wconf 87' lang='lat'>‚</span> <span class='ocrx_word' id='word_1_91' title='bbox 3118 2719 3338 2804; x_wconf 80' lang='lat' dir='ltr'>vltra</span> <span class='ocrx_word' id='word_1_92' title='bbox 3431 2720 3744 2832; x_wconf 83' lang='lat' dir='ltr'>septem</span> <span class='ocrx_word' id='word_1_93' title='bbox 3837 2741 4120 2809; x_wconf 87' lang='lat' dir='ltr'>autem</span> 
     </span>
     <span class='ocr_line' id='line_1_18' title="bbox 1441 2844 4120 2961; baseline 0.002 -27"><span class='ocrx_word' id='word_1_94' title='bbox 1441 2870 1615 2946; x_wconf 76' lang='lat' dir='ltr'>non</span> <span class='ocrx_word' id='word_1_95' title='bbox 1691 2846 2054 2937; x_wconf 83' lang='lat' dir='ltr'>ascendit.</span> <span class='ocrx_word' id='word_1_96' title='bbox 2182 2846 2369 2944; x_wconf 87' lang='lat' dir='ltr'>Nec</span> <span class='ocrx_word' id='word_1_97' title='bbox 2459 2844 2713 2931; x_wconf 83' lang='lat' dir='ltr'>caulis</span> <span class='ocrx_word' id='word_1_98' title='bbox 2807 2853 3122 2961; x_wconf 77' lang='lat' dir='ltr'>{emper</span> <span class='ocrx_word' id='word_1_99' title='bbox 3218 2851 3326 2936; x_wconf 84' lang='lat' dir='ltr'>est</span> <span class='ocrx_word' id='word_1_100' title='bbox 3421 2848 3811 2935; x_wconf 80' lang='lat' dir='ltr'>faleratus</span> <span class='ocrx_word' id='word_1_101' title='bbox 3843 2913 3870 2959; x_wconf 85' lang='lat'>‚</span> <span class='ocrx_word' id='word_1_102' title='bbox 3970 2877 4120 2940; x_wconf 88' lang='lat' dir='ltr'>nec</span> 
     </span>
     <span class='ocr_line' id='line_1_19' title="bbox 1342 2967 4123 3098; baseline 0 -32"><span class='ocrx_word' id='word_1_103' title='bbox 1342 3079 1354 3098; x_wconf 23' lang='grc' dir='ltr'>ἱ</span> <span class='ocrx_word' id='word_1_104' title='bbox 1443 2973 1684 3089; x_wconf 70' lang='lat' dir='ltr'>sapor</span> <span class='ocrx_word' id='word_1_105' title='bbox 1751 2972 2039 3066; x_wconf 83' lang='lat' dir='ltr'>herbae</span> <span class='ocrx_word' id='word_1_106' title='bbox 2097 2979 2415 3090; x_wconf 77' lang='lat' dir='ltr'>semper</span> <span class='ocrx_word' id='word_1_107' title='bbox 2473 2967 2795 3092; x_wconf 65' lang='lat' dir='ltr'>prbi-fils</span> <span class='ocrx_word' id='word_1_108' title='bbox 2829 2981 3098 3064; x_wconf 82' lang='lat' dir='ltr'>‘mitis</span> <span class='ocrx_word' id='word_1_109' title='bbox 3130 3039 3160 3083; x_wconf 89' lang='lat'>‚</span> <span class='ocrx_word' id='word_1_110' title='bbox 3237 3001 3381 3074; x_wconf 86' lang='lat' dir='ltr'>nec</span> <span class='ocrx_word' id='word_1_111' title='bbox 3458 2978 3944 3067; x_wconf 85' lang='lat' dir='ltr'>laciniarum</span> <span class='ocrx_word' id='word_1_112' title='bbox 4027 2984 4123 3089; x_wconf 79' lang='grc' dir='ltr'>ὶῃ</span> 
     </span>
     <span class='ocr_line' id='line_1_20' title="bbox 1442 3100 4122 3220; baseline 0.001 -27"><span class='ocrx_word' id='word_1_113' title='bbox 1442 3100 1650 3193; x_wconf 77' lang='lat' dir='ltr'>flore</span> <span class='ocrx_word' id='word_1_114' title='bbox 1713 3130 2107 3196; x_wconf 88' lang='lat' dir='ltr'>numerus</span> <span class='ocrx_word' id='word_1_115' title='bbox 2141 3172 2170 3219; x_wconf 87' lang='lat'>,</span> <span class='ocrx_word' id='word_1_116' title='bbox 2229 3108 2589 3194; x_wconf 84' lang='lat' dir='ltr'>constans</span> <span class='ocrx_word' id='word_1_117' title='bbox 2622 3169 2652 3214; x_wconf 85' lang='lat'>‚</span> <span class='ocrx_word' id='word_1_118' title='bbox 2709 3110 2933 3220; x_wconf 85' lang='lat' dir='ltr'>saepe</span> <span class='ocrx_word' id='word_1_119' title='bbox 3024 3107 3252 3191; x_wconf 88' lang='lat' dir='ltr'>enim</span> <span class='ocrx_word' id='word_1_120' title='bbox 3343 3125 3694 3215; x_wconf 84' lang='lat' dir='ltr'>quatuor</span> <span class='ocrx_word' id='word_1_121' title='bbox 3790 3127 4122 3195; x_wconf 83' lang='lat' dir='ltr'>tantum</span> 
     </span>
     <span class='ocr_line' id='line_1_21' title="bbox 1444 3219 4132 3346; baseline -0 -25"><span class='ocrx_word' id='word_1_122' title='bbox 1444 3232 1756 3321; x_wconf 73' lang='lat' dir='ltr'>adsunt.</span> <span class='ocrx_word' id='word_1_123' title='bbox 1880 3234 2122 3326; x_wconf 87' lang='lat' dir='ltr'>Circa</span> <span class='ocrx_word' id='word_1_124' title='bbox 2183 3219 2499 3325; x_wconf 84' lang='lat' dir='ltr'>Taram</span> <span class='ocrx_word' id='word_1_125' title='bbox 2564 3236 2880 3323; x_wconf 85' lang='lat' dir='ltr'>Vrbem</span> <span class='ocrx_word' id='word_1_126' title='bbox 2973 3232 3253 3322; x_wconf 88' lang='lat' dir='ltr'>locum</span> <span class='ocrx_word' id='word_1_127' title='bbox 3354 3236 3699 3339; x_wconf 88' lang='lat' dir='ltr'>inueni,</span> <span class='ocrx_word' id='word_1_128' title='bbox 3786 3238 3929 3346; x_wconf 91' lang='lat' dir='ltr'>qui</span> <span class='ocrx_word' id='word_1_129' title='bbox 4022 3237 4132 3320; x_wconf 91' lang='lat' dir='ltr'>ab</span> 
     </span>
    </p>
   </div>
   <div class='ocr_carea' id='block_1_11' title="bbox 1439 3359 4133 3722">
    <p class='ocr_par' dir='ltr' id='par_1_11' title="bbox 1439 3359 4133 3722">
     <span class='ocr_line' id='line_1_22' title="bbox 1439 3359 4130 3474; baseline -0 -26"><span class='ocrx_word' id='word_1_130' title='bbox 1439 3367 1675 3474; x_wconf 71' lang='lat' dir='ltr'>aquis</span> <span class='ocrx_word' id='word_1_131' title='bbox 1754 3367 2234 3470; x_wconf 71' lang='lat' dir='ltr'>vernalibus·</span> <span class='ocrx_word' id='word_1_132' title='bbox 2278 3386 2457 3454; x_wconf 86' lang='lat' dir='ltr'>erat</span> <span class='ocrx_word' id='word_1_133' title='bbox 2552 3368 2982 3456; x_wconf 84' lang='lat' dir='ltr'>inundatus</span> <span class='ocrx_word' id='word_1_134' title='bbox 3082 3385 3172 3451; x_wconf 84' lang='lat' dir='ltr'>et</span> <span class='ocrx_word' id='word_1_135' title='bbox 3273 3362 3537 3472; x_wconf 86' lang='lat' dir='ltr'>postea</span> <span class='ocrx_word' id='word_1_136' title='bbox 3623 3359 4061 3446; x_wconf 72' lang='lat' dir='ltr'>exsiccatus</span> <span class='ocrx_word' id='word_1_137' title='bbox 4099 3426 4130 3471; x_wconf 86' lang='lat'><strong>‚</strong></span> 
     </span>
     <span class='ocr_line' id='line_1_23' title="bbox 1443 3485 4132 3616; baseline 0.001 -43"><span class='ocrx_word' id='word_1_138' title='bbox 1443 3490 1594 3575; x_wconf 82' lang='lat' dir='ltr'>&#39;vbi</span> <span class='ocrx_word' id='word_1_139' title='bbox 1656 3489 1852 3576; x_wconf 85' lang='lat' dir='ltr'>haee</span> <span class='ocrx_word' id='word_1_140' title='bbox 1878 3515 1885 3520; x_wconf 73' lang='grc'><em>’</em></span> <span class='ocrx_word' id='word_1_141' title='bbox 1913 3495 2207 3616; x_wconf 72' lang='lat' dir='ltr'>species</span> <span class='ocrx_word' id='word_1_142' title='bbox 2268 3492 2691 3576; x_wconf 81' lang='lat' dir='ltr'>laetiffime</span> <span class='ocrx_word' id='word_1_143' title='bbox 2746 3510 2835 3575; x_wconf 85' lang='lat' dir='ltr'>et</span> <span class='ocrx_word' id='word_1_144' title='bbox 2896 3491 2997 3571; x_wconf 90' lang='lat' dir='ltr'>ad</span> <span class='ocrx_word' id='word_1_145' title='bbox 3077 3490 3528 3570; x_wconf 86' lang='lat' dir='ltr'>humanam</span> <span class='ocrx_word' id='word_1_146' title='bbox 3601 3485 4132 3577; x_wconf 87' lang='lat' dir='ltr'>altitudinem</span> 
     </span>
     <span class='ocr_line' id='line_1_24' title="bbox 1450 3612 4133 3722; baseline 0 -18"><span class='ocrx_word' id='word_1_147' title='bbox 1450 3616 1911 3704; x_wconf 79' lang='lat' dir='ltr'>nascebatur</span> <span class='ocrx_word' id='word_1_148' title='bbox 1950 3676 1977 3722; x_wconf 89' lang='lat'><strong>,</strong></span> <span class='ocrx_word' id='word_1_149' title='bbox 2030 3620 2267 3703; x_wconf 86' lang='lat' dir='ltr'>cuius</span> <span class='ocrx_word' id='word_1_150' title='bbox 2326 3612 2569 3698; x_wconf 85' lang='lat' dir='ltr'>fiores</span> <span class='ocrx_word' id='word_1_151' title='bbox 2627 3634 2921 3697; x_wconf 83' lang='lat' dir='ltr'>omnes</span> <span class='ocrx_word' id='word_1_152' title='bbox 2968 3628 3204 3696; x_wconf 85' lang='lat' dir='ltr'>erant</span> <span class='ocrx_word' id='word_1_153' title='bbox 3268 3612 3701 3719; x_wconf 86' lang='lat' dir='ltr'>quadrifidi</span> <span class='ocrx_word' id='word_1_154' title='bbox 3744 3676 3772 3722; x_wconf 88' lang='lat'><strong>,</strong></span> <span class='ocrx_word' id='word_1_155' title='bbox 3832 3635 3919 3703; x_wconf 84' lang='lat' dir='ltr'>et</span> <span class='ocrx_word' id='word_1_156' title='bbox 3996 3620 4133 3705; x_wconf 85' lang='lat' dir='ltr'>fo-</span> 
     </span>
    </p>
   </div>
   <div class='ocr_carea' id='block_1_12' title="bbox 1444 3736 4132 4380">
    <p class='ocr_par' dir='ltr' id='par_1_12' title="bbox 1444 3736 4132 4380">
     <span class='ocr_line' id='line_1_25' title="bbox 1448 3736 4132 3858; baseline 0.001 -27"><span class='ocrx_word' id='word_1_157' title='bbox 1448 3736 1569 3831; x_wconf 82' lang='lat' dir='ltr'>lia</span> <span class='ocrx_word' id='word_1_158' title='bbox 1623 3745 1909 3834; x_wconf 86' lang='lat' dir='ltr'>omnia</span> <span class='ocrx_word' id='word_1_159' title='bbox 1970 3747 2194 3833; x_wconf 79' lang='lat' dir='ltr'>visco</span> <span class='ocrx_word' id='word_1_160' title='bbox 2264 3739 2489 3852; x_wconf 70' lang='lat' dir='ltr'>quasi</span> <span class='ocrx_word' id='word_1_161' title='bbox 2569 3738 2946 3827; x_wconf 62' lang='lat' dir='ltr'>obducta.</span> <span class='ocrx_word' id='word_1_162' title='bbox 3107 3739 3496 3833; x_wconf 64' lang='lat' dir='ltr'>Dimidia</span> <span class='ocrx_word' id='word_1_163' title='bbox 3576 3760 3667 3832; x_wconf 90' lang='lat' dir='ltr'>et</span> <span class='ocrx_word' id='word_1_164' title='bbox 3762 3746 4132 3858; x_wconf 86' lang='lat' dir='ltr'>superior</span> 
     </span>
     <span class='ocr_line' id='line_1_26' title="bbox 1444 3866 4127 3985; baseline 0.002 -29"><span class='ocrx_word' id='word_1_165' title='bbox 1444 3866 1709 3957; x_wconf 79' lang='lat' dir='ltr'>taulis</span> <span class='ocrx_word' id='word_1_166' title='bbox 1737 3896 1959 3985; x_wconf 80' lang='lat' dir='ltr'>pars,</span> <span class='ocrx_word' id='word_1_167' title='bbox 1996 3892 2092 3960; x_wconf 81' lang='lat' dir='ltr'>vt</span> <span class='ocrx_word' id='word_1_168' title='bbox 2148 3885 2240 3957; x_wconf 86' lang='lat' dir='ltr'>et</span> <span class='ocrx_word' id='word_1_169' title='bbox 2299 3869 2698 3983; x_wconf 83' lang='lat' dir='ltr'>genicula,</span> <span class='ocrx_word' id='word_1_170' title='bbox 2761 3868 3063 3956; x_wconf 88' lang='lat' dir='ltr'>intense</span> <span class='ocrx_word' id='word_1_171' title='bbox 3119 3869 3530 3958; x_wconf 81' lang='lat' dir='ltr'>rubebant.</span> <span class='ocrx_word' id='word_1_172' title='bbox 3607 3869 3804 3959; x_wconf 89' lang='lat' dir='ltr'>Vidi</span> <span class='ocrx_word' id='word_1_173' title='bbox 3869 3879 4127 3963; x_wconf 86' lang='lat' dir='ltr'>etiam</span> 
     </span>
     <span class='ocr_line' id='line_1_27' title="bbox 1452 3994 4124 4115; baseline 0.001 -31"><span class='ocrx_word' id='word_1_174' title='bbox 1452 3994 1791 4087; x_wconf 80' lang='lat' dir='ltr'>corollis</span> <span class='ocrx_word' id='word_1_175' title='bbox 1889 4000 2362 4113; x_wconf 81' lang='lat' dir='ltr'>quadrifidis</span> <span class='ocrx_word' id='word_1_176' title='bbox 2462 4001 2744 4115; x_wconf 85' lang='lat' dir='ltr'>paullo</span> <span class='ocrx_word' id='word_1_177' title='bbox 2839 3999 3441 4110; x_wconf 83' lang='lat' dir='ltr'>irregularibus.</span> <span class='ocrx_word' id='word_1_178' title='bbox 3624 3999 4124 4091; x_wconf 81' lang='lat' dir='ltr'>Maculatam</span> 
     </span>
     <span class='ocr_line' id='line_1_28' title="bbox 1458 4125 4131 4245; baseline 0 -30"><span class='ocrx_word' id='word_1_179' title='bbox 1458 4128 1941 4218; x_wconf 79' lang='lat' dir='ltr'>&#39;varietatem</span> <span class='ocrx_word' id='word_1_180' title='bbox 2009 4132 2095 4216; x_wconf 90' lang='lat' dir='ltr'>in</span> <span class='ocrx_word' id='word_1_181' title='bbox 2155 4125 2448 4221; x_wconf 87' lang='lat' dir='ltr'>Sibiria</span> <span class='ocrx_word' id='word_1_182' title='bbox 2508 4157 2677 4238; x_wconf 87' lang='lat' dir='ltr'>non</span> <span class='ocrx_word' id='word_1_183' title='bbox 2711 4131 2957 4245; x_wconf 83' lang='lat' dir='ltr'>vidi,</span> <span class='ocrx_word' id='word_1_184' title='bbox 3015 4125 3688 4236; x_wconf 70' lang='lat' dir='ltr'>STELLERVS</span> <span class='ocrx_word' id='word_1_185' title='bbox 3721 4153 3999 4222; x_wconf 84' lang='lat' dir='ltr'>autem</span> <span class='ocrx_word' id='word_1_186' title='bbox 4033 4132 4131 4218; x_wconf 86' lang='lat' dir='ltr'>in</span> 
     </span>
     <span class='ocr_line' id='line_1_29' title="bbox 1454 4249 3166 4380; baseline 0.004 -34"><span class='ocrx_word' id='word_1_187' title='bbox 1454 4249 1669 4380; x_wconf 62' lang='lat' dir='ltr'>fibra</span> <span class='ocrx_word' id='word_1_188' title='bbox 1729 4258 1785 4351; x_wconf 87' lang='lat'><em>1</em></span> <span class='ocrx_word' id='word_1_189' title='bbox 1787 4259 2107 4375; x_wconf 74' lang='lat' dir='ltr'>rcuterfi</span> <span class='ocrx_word' id='word_1_190' title='bbox 2150 4258 2524 4355; x_wconf 80' lang='lat' dir='ltr'>recenset.</span> <span class='ocrx_word' id='word_1_191' title='bbox 3156 4258 3166 4268; x_wconf 84' lang='lat'>&#39;</span> 
     </span>
    </p>
   </div>
   <div class='ocr_carea' id='block_1_13' title="bbox 3976 4471 4132 4557">
    <p class='ocr_par' dir='ltr' id='par_1_13' title="bbox 3976 4471 4132 4557">
     <span class='ocr_line' id='line_1_30' title="bbox 3976 4471 4132 4557; baseline 0 0"><span class='ocrx_word' id='word_1_192' title='bbox 3976 4471 4132 4557; x_wconf 70' lang='lat'>37·</span> 
     </span>
    </p>
   </div>
  </div>
 </body>
</html>
