4414 5652
1310 469 1432 533 ,ι
2005 442 3314 541 ιΝεοΜΡιΕτΑΕ-

1290 677 1551 791 leacea
1617 697 1702 768 et
1756 681 2138 767 exarescit
2177 743 2201 789 ,
2302 702 2507 793 quae
2564 675 2864 764 scilicet
2932 678 3332 781 masculis*
3404 666 3774 766 floribus
3845 678 3977 769 lo-

1293 837 1494 898 cum
1563 812 2034 901 concesserat
2077 872 2106 921 ‚
2168 812 2506 897 inferior
2573 832 2752 921 pars
2815 803 3034 892 foliis
3096 812 3437 898 vestitur
3509 811 3979 899 minoribus

1290 942 1585 1033 multis
1625 1008 1650 1049 ‚
1716 966 2105 1055 tanquam
2166 937 2512 1046 squamis
2545 992 2569 1035 ,
2637 936 2893 1022 tribus
2975 936 3470 1052 plerumque
3534 937 3785 1025 fimul
3851 942 3977 1026 ei-

1285 1073 1481 1159 dem
1551 1075 1736 1162 1000
1793 1075 2059 1161 affixis
2099 1122 2125 1164 ‚
2190 1064 2277 1145 in
2336 1087 2702 1172 quorum
2765 1063 3101 1171 singulis
3165 1073 3443 1153 senaen
3504 1071 3778 1161 latitat
3829 1088 3974 1163 σετ-

1209 1248 1215 1253 ’
1286 1200 1634 1291 biculare
1691 1189 2146 1302 depressum
2196 1250 2221 1295 ,
2287 1187 2494 1274 lutei
2555 1192 2920 1299 coloris,
2982 1198 3372 1308 vtrinque
3435 1196 3729 1285 foliolo
3792 1202 3975 1287 cim-

1283 1331 1576 1427 ecum‚
1674 1344 1879 1431 quae
1973 1322 2142 1405 duo
2245 1318 2522 1407 foliola
2586 1320 2928 1408 calicem
2999 1326 3286 1436 procul
3350 1328 3596 1412 dubio
3656 1302 3979 1414 consti-⁴·

1284 1466 1557 1534 tuunt.
1717 1450 2021 1538 Infima
2084 1450 2337 1559 spicae
2397 1473 2580 1561 pars
2645 1454 2863 1538 nuda
2925 1456 3034 1540 est
3080 1515 3107 1559 ,
3187 1474 3269 1540 et
3338 1453 3974 1566 pedunculatam

1279 1578 1468 1665 facit
1532 1580 1853 1691 spicam.
2045 1581 2177 1669 Sic
2241 1582 2575 1692 quidem
2662 1579 2879 1669 olim
2975 1584 3426 1669 obseruaui.
3623 1576 3778 1667 Sed
3873 1584 3969 1666 in

1281 1705 1536 1800 horto
1604 1709 1837 1794 aliter
1898 1736 2023 1796 res
2092 1708 2309 1796 mibi
2375 1711 2452 1795 se
2540 1711 2866 1798 obtulit.
2985 1750 2990 1759 ·
3065 1707 3512 1798 Pedunculi
3615 1707 3968 1821 plurimi

1281 1834 1586 1946 finguli
1655 1865 1699 1924 e
1763 1838 2096 1948 singulis
2162 1840 2555 1926 foliorum
2623 1842 2772 1926 alis
2838 1841 3162 1927 exibant
3201 1906 3226 1950 ,
3326 1867 3499 1954 quo
3603 1841 3968 1950 superio·

1268 1991 1407 2051 res
1445 2031 1471 2074 ,
1536 1992 1635 2051 eo
1698 1967 2104 2057 breuiores
2145 2032 2167 2073 ,
2267 1970 2700 2057 subhirsuti
2744 2036 2770 2079 ,
2867 1974 3064 2056 duas
3134 1972 3408 2059 tertias
3475 1969 3738 2076 nudi,
3807 1970 3968 2079 spi·

1278 2121 1370 2184 ca
1439 2100 1667 2184 breui
1731 2099 2005 2185 foliosa
2073 2104 2515 2187 terminati.
2645 2096 2741 2182 In
2804 2101 3322 2209 singulorum
3386 2096 3780 2188 foliorum
3819 2095 3968 2192 alis

1274 2232 1442 2310 tres
1492 2220 2041 2316 ‘flosculorum
2107 2233 2541 2339 contiguae
2653 2230 2883 2314 series
2974 2231 3439 2316 locabantur
3479 2291 3504 2332 ‚
3610 2251 3966 2338 quarum

1276 2359 1482 2445 duae
1549 2375 1931 2442 externae
1996 2358 2367 2445 femellae
2437 2355 2798 2464 singulae
2863 2363 3252 2469 vtrinque
3341 2359 3574 2440 breui
3677 2353 3966 2441 foliolo

1275 2501 1671 2593 tanquam
1738 2485 1979 2568 calice
2036 2488 2345 2567 cinctae
2381 2542 2415 2585 ‚
2519 2503 2920 2591 praeterea
2983 2487 3298 2567 duobus
3361 2481 3665 2565 foliolis
3730 2499 3965 2567 extra

1260 2615 1645 2696 munitae
1707 2610 1892 2692 sunt
1930 2674 1956 2719 ‚
2071 2635 2435 2723 quorum
2502 2607 2839 2715 singulis
2905 2625 3064 2694 tres
3168 2607 3492 2695 flosculi
3592 2611 3961 2696 eiusdem

1274 2744 1587 2847 generis
1653 2736 1998 2824 insident
2036 2801 2061 2848 ‚
2156 2763 2524 2850 quorum
2587 2736 2801 2823 calix
2858 2738 3170 2823 duobus
3203 2757 3383 2832 riamt
3470 2738 3726 2822 tribus
3829 2744 3962 2828 fo·
4069 2817 4086 2825 ,
4153 2744 4172 2751 “

1272 2868 1498 2956 liolis
1562 2867 1985 2958 conflatur.
2142 2869 2335 2957 Stili
2400 2871 2566 2956 duo
2632 2865 2817 2953 sunt
2854 2931 2880 2976 ‚
2988 2892 3383 2983 perquam
3450 2870 3806 2978 fragiles.
3873 2888 3958 2954 et

1271 2999 1504 3086 breui
1568 3000 2117 3086 euanescentes
2158 3062 2182 3107 ,
2280 2998 2586 3086 corolla
2653 2999 3058 3107 longiores
3099 3061 3125 3107 ‚
3208 2999 3629 3111 aliquanto
3689 2998 3954 3110 hispi-

1271 3132 1385 3219 di.
1516 3123 1917 3238 Stigmata
1986 3129 2386 3241 ss'mplicia
2438 3192 2464 3237 ‚
2527 3127 2869 3237 oblonga
2912 3193 2936 3237 ,
3001 3135 3225 3243 saepe
3286 3127 3633 3238 obliqua.
3803 3128 3953 3214 In·-

1271 3261 1672 3346 termedia
1735 3261 1966 3345 series
2022 3257 2323 3347 foliolis
2390 3261 2646 3345 tribus
2745 3256 3197 3347 includitur
3301 3256 3630 3343 hirsutis
3678 3315 3703 3358 ,
3800 3256 3948 3340 οδ*

1265 3389 1535 3493 longis
1576 3450 1602 3494 ‚
1661 3388 1947 3471 erectis
1985 3449 2011 3492 ,
2075 3408 2158 3471 et
2227 3387 2567 3477 flosculo
2632 3390 2938 3480 constat
3000 3384 3367 3477 masculo
3431 3373 3947 3490 tristemone,

1267 3512 1632 3600 anthei-is
1693 3515 2052 3616 didymis
2116 3515 2505 3596 instructo
2545 3573 2570 3613 ‚
2633 3535 2721 3593 et
2783 3520 3088 3594 duabus
3151 3513 3522 3598 femellis
3699 3507 3951 3622 Saepe

1266 3645 1517 3727 etiam
1584 3641 1668 3722 in
1733 3637 1882 3719 alis
1944 3635 2340 3720 soliorum
2406 3636 2609 3719 duos
2666 3654 2807 3717 aut
2874 3655 3034 3719 tres
3141 3653 3473 3720 tantum
3573 3636 3952 3725 flosculos

1265 3773 1691 3872 femineos,
1751 3780 1899 3848 aut
1967 3765 2315 3848 totidem
2381 3758 2808 3867 masculos,
2871 3768 3298 3879 separatim
3375 3767 3568 3850 vidi.
3625 3766 3945 3855 ‘Nolui

1267 3900 1489 3986 haec·
1575 3895 1910 3979 reticere
1949 3957 1975 4001 ‚
2030 3889 2259 4002 ‘quia
2363 3895 2596 4004 supra
2696 3893 2930 3998 distis
3031 3896 3313 4007 paffim
3394 3896 3939 3983 aduersantur.

1266 4027 1425 4120 Sed
1491 4027 1822 4132 vestigia
1885 4041 2240 4107 naturae·
2277 4019 2471 4137 lego
2507 4085 2533 4130 ‚
2593 4018 2782 4106 hinc
2847 4027 3045 4136 quid
3150 4026 3404 4112 sensus
3497 4028 3874 4135 detegant
3910 4089 3937 4134 ‚

1264 4160 1593 4244 cordate
1651 4152 2169 4241 indicandum
2233 4152 2373 4238 est.
2531 4151 2721 4261 Ego
2785 4157 3119 4265 quidem
3181 4179 3286 4239 ex
3353 4149 3512 4239 hoc
3599 4156 3936 4243 conclu-

1262 4288 1377 4372 do
1413 4351 1440 4395 ,
1554 4307 1937 4397 magnam
2037 4281 2190 4367 effe
2288 4280 2861 4372 difficultatem
2966 4289 3055 4372 in
3156 4306 3449 4394 genere
3539 4288 3934 4373 determi-

1250 4419 1557 4509 =nando.
1750 4412 2065 4510 Saltem
2165 4411 2327 4504 hoc
2399 4407 2754 4502 certum
2834 4414 2988 4502 esse
3081 4418 3415 4506 videtur
3464 4475 3490 4527 ,
3589 4419 3677 4504 in
3778 4414 3933 4503 hac

3588 4536 3605 4556 ⁹
3677 4544 3932 4659 specie
