4414 5652
969 409 2967 526 FRVCTIFLORAE.125

244 489 287 518 l

317 663 450 753 pra
545 646 649 731 ab
724 640 1030 727 vnciali
1137 644 1233 728 ad
1324 577 1887 750 semipedalem
1957 661 2037 724 et
2098 644 2653 730 dodrintalem
2723 672 2977 758 vsque

314 767 845 858 altitudinem.
978 756 1262 858 Flores
1324 794 1408 855 et
1470 773 1775 854 fruetus
1846 777 2250 859 varietatis
2319 775 2426 886 β)
2484 774 2972 888 plerumque

266 904 648 986 maiores
716 903 902 986 sunt
960 927 1206 1012 quam
1275 896 1353 1006 α)
1418 926 1612 986 cum
1687 922 1960 985 tamen
2060 921 2227 988 tota
2329 903 2597 1013 planta
2696 909 2970 991 minor

301 1026 416 1113 fit.
575 1031 943 1114 Varietas
1003 1039 1085 1128 α)
1150 1030 1398 1140 pratis
1466 1029 1911 1113 delecitatur
1954 1052 2065 1136 ‚et
2132 1033 2630 1137 marginibus
2696 1031 2966 1139 sylua·

292 1179 487 1239 rum
533 1219 560 1264 ‚
662 1155 752 1271 β)
851 1155 1159 1242 nonnifi
1257 1157 1341 1238 in
1409 1159 1700 1268 asperis
1754 1179 1836 1240 ct
1894 1163 2185 1271 apricis
2250 1162 2442 1245 locis
2514 1165 2899 1273 prouenit
2943 1228 2966 1267 ‚

285 1287 424 1369 vbi
488 1292 736 1374 etiam
801 1289 1025 1372 varia
1095 1288 1473 1398 producit
1545 1290 1915 1374 monstra.
2056 1315 2127 1374 1.
2236 1292 2490 1376 Foliis
2596 1294 2968 1377 radicali-

285 1414 422 1498 bus
463 1478 487 1519 ,
558 1442 755 1528 quae
821 1417 1045 1527 saepe
1109 1416 1392 1501 omnia
1460 1416 1639 1500 sunt
1703 1419 2226 1524 integerrima
2272 1483 2295 1526 ‚
2375 1420 2654 1502 saltem
2725 1447 2962 1531 pauca

283 1546 412 1628 vel
470 1547 792 1630 dentata
835 1610 857 1650 ,
962 1545 1099 1630 vel
1167 1544 1461 1630 leuiter
1531 1547 1764 1631 ineisa
1807 1608 1830 1649 ,
1927 1551 2145 1655 saepe
2216 1550 2424 1631 inter
2491 1554 2813 1657 pinnata
2879 1573 2961 1633 et

279 1673 587 1760 dentata
652 1677 1104 1782 ambigunt.
1247 1701 1323 1761 α.
1402 1675 1651 1760 Foliis
1713 1674 2115 1781 caulinis,
2205 1700 2554 1788 quorum
2625 1679 2959 1762 infcrio-

276 1828 356 1887 ra
424 1830 1017 1915 nonnunquam
1089 1804 1617 1911 integerrima
1717 1805 1915 1890 vidi.
2053 1830 2134 1906 3.
2238 1807 2606 1915 Vtraque
2707 1806 2959 1890 folio·

272 1958 468 2015 rum
572 1935 822 2042 specie
917 1940 1141 2046 saepe
1240 1932 1527 2041 glauca
1573 1997 1596 2036 ‚
1696 1936 1916 2044 quod
2023 1934 2321 2044 speetat
2402 1936 2498 2017 ad
2566 1930 2950 2020 colorem.

270 2088 355 2161 4.
402 2060 792 2148 'Corollis
832 2125 855 2165 ‚
956 2089 1149 2174 quas
1216 2064 1628 2147 interdum
1713 2065 1883 2148 vidi
1991 2065 2188 2148 tubo
2281 2061 2956 2149 ventricosissimo

266 2210 347 2274 et
434 2191 898 2274 staminibus
990 2191 1470 2275 craffisfimis
1572 2193 2044 2296 instruaas,
2142 2190 2587 2276 cum‘ille
2690 2189 2952 2275 limbo

261 2318 857 2404 destitueretur.
1077 2338 1158 2415 5.
1260 2314 1787 2400 Corollarum
1890 2320 2136 2399 odore
2180 2380 2203 2420 ,
2300 2319 2586 2426 quiin
2659 2321 2955 2425 plantis

260 2445 338 2529 K
344 2447 993 2558 rasnoiarerfibus
1061 2447 1416 2530 iasmino
1479 2462 1652 2526 erat
1707 2442 2092 2550 analogus
2133 2506 2158 2550 ‚
2223 2445 2348 2528 sed
2413 2441 2609 2527 adeo
2670 2445 2952 2554 fortir»,

256 2592 349 2656 ‘vt
418 2596 668 2686 caput
735 2594 1105 2663 tentaret.
1234 2581 1321 2656 6.
1391 2564 1868 2675 Ca'licibus3
1975 2572 2116 2680 qui
2177 2574 2402 2682 saepe
2469 2571 2553 2652 in
2616 2573 2882 2658 nullas
2923 2639 2949 2681 ‚

253 2703 484 2814 saepe
554 2709 675 2789 *in
775 2709 968 2790 duas
1067 2725 1386 2790 tantum
1485 2721 1628 2787 aut
1698 2719 1857 2788 tres
1929 2698 2211 2784 breues
2281 2697 2690 2784 laciniolas
2757 2703 2944 2791 sesti

251 2831 457 2916 sunt.
597 2855 673 2936 7.
750 2835 1298 2941 FilamentiS,
1396 2853 1757 2942 quorum
1854 2826 2088 2937 duo,
2189 2831 2347 2914 tria
2397 2846 2402 2849 *
2452 2830 2818 2943 persaepe
2894 2860 2938 2918 a

246 2960 399 3046 bafi
472 2964 573 3047 ad
634 2966 1062 3051 dimidiam
1124 2984 1374 3074 vsque
1444 2983 1758 3074 partem
1825 2955 2015 3066 pilis
2075 2958 2344 3064 longis
2420 2956 2705 3043 villosa
2799 2965 2937 3045 vi-

244 3088 390 3195 di,
458 3116 663 3175 cum
735 3099 1079 3181 tertium
1147 3112 1227 3175 et
1289 3114 1677 3202 quartum
1746 3090 1948 3172 nuda
2016 3089 2276 3173 efl'eut.
2418 3097 2500 3172 8.
2566 3087 2864 3173 Radice
2910 3153 2935 3196 ‚

244 3243 448 3328 quae
548 3223 868 3332 semper
958 3223 1071 3302 est
1135 3219 1494 3327 amplior
1539 3281 1563 3321 ,
1657 3241 1909 3327 quam
1976 3217 2061 3299 in
2127 3212 2214 3323 α)
2278 3232 2362 3297 et
2419 3216 2651 3318 gustu
2689 3221 2936 3323 acriS‚

237 3370 449 3431 cum
559 3348 649 3431 in
752 3343 833 3457 α)
930 3368 1352 3452 nunquam
1444 3346 1593 3427 nifi
1696 3343 2125 3450 insipidam
2232 3338 2935 3444 deprehenderim.

237 3477 480 3560 Hanc
551 3473 871 3586 plantae
942 3470 1037 3587 β)
1108 3468 1793 3556 monstrofitatem
1872 3464 2218 3549 vlterius
2312 3461 2659 3548 declarat
2756 3468 2932 3552 eius

239 3605 752 3709 secundina,
820 3602 969 3687 vix
1036 3601 1253 3685 vltra
1323 3600 1683 3709 primam
1757 3578 2077 3704 prolem
2143 3594 2487 3676 extensa.
2653 3590 2932 3681 Semi-

238 3760 333 3818 na
396 3732 749 3845 perfeaa
813 3752 896 3816 et
960 3730 1334 3816 omnibus
1401 3726 1767 3810 numeris
1830 3719 2181 3808 absoluta
2250 3724 2610 3830 proferre
2692 3724 2926 3819 vide-

238 3879 375 3947 tur
424 3924 449 3967 ‚
550 3885 756 3972 quae
851 3885 1053 3946 vero
1142 3855 1536 3944 rariffime
1627 3853 2271 3962 progerminant.
2452 3845 2943 3959 Saepiffime'

233 3992 467 4074 enim
536 3992 734 4075 bene
800 4008 1117 4073 matura
1178 4014 1284 4072 ex
1381 3982 1688 4071 Sihiria
1796 3975 2268 4091 Petropolin
2363 3977 2547 4063 misi
2594 4041 2618 4083 ‚
2714 4008 2918 4094 quae

232 4118 528 4204 omnia
596 4119 750 4203 lata
815 4120 965 4204 vix
1031 4144 1284 4203 vnam
1345 4133 1428 4200 et
1489 4113 1835 4198 alteram
1920 4104 2282 4222 plantam
2384 4109 2665 4193 dedere
2703 4173 2728 4217 ,
2827 4119 2915 4202 in

234 4246 586 4343 alteram
624 4251 1225 4355 generationem
1265 4271 1426 4330 non
1485 4245 2071 4354 perdurantem.
2210 4236 2558 4322 Interim
2629 4240 2912 4334 MES·

232 4374 1038 4477 SERSCHMIDIO
1099 4373 1628 4619 adstipulariQ
1629 4395 1941 4486 nequeo
1981 4431 2008 4479 ‚
2082 4369 2228 4482 qui
2296 4364 2501 4454 hanc
2560 4374 2915 4460 varieta-

1680 4527 1729 4606 3
2735 4521 2908 4594 tem
