4414 5652
1374 442 1496 553 92
2091 392 3324 505 mcoMPLETAn.

1683 638 2299 734 Sollertifflmus
2366 643 2481 729 D.
2549 640 3021 729 LERCHE
3106 641 3334 726 iuxta
3433 637 3776 729 Gorkam
3874 634 4036 733 flu·'

1374 759 1621 862 vium
1716 772 2052 884 collegit
2107 838 2133 882 ‚
2217 770 2651 859 lamosum
2725 791 3087 882 propter
3184 795 3466 857 necem
3571 800 3973 885 equorum
4010 837 4037 882 ,

1382 931 1633 1016 quam
1672 904 2116 1016 'patiuntur
2183 900 2295 985 ibi
2364 905 2757 1013 pascentes
2795 961 2822 1006 ‚
2924 896 3062 984 vel
3123 900 3219 985 ab
3295 900 3537 989 herba
3581 966 3607 1013 ,
3706 907 3808 989 iis
3906 907 4044 989 in·-

1376 1037 1559 1120 festa
1602 1097 1628 1141 ‚
1726 1030 1864 1118 vel
1944 1058 1990 1116 a
2047 1022 2382 1140 regione
2421 1095 2447 1139 ‚
2542 1027 2685 1113 vel
2745 1030 2839 1115 ab
2899 1027 3148 1137 aquis·
3261 1018 3264 1025 ’
3348 1030 3748 1119 Nondum
3812 1032 4040 1119 enim

1377 1167 1607 1248 causa
1671 1164 1758 1247 in
1824 1167 2103 1272 aprico
2165 1156 2423 1272 pofita
2487 1158 2620 1244 est.
2803 1155 3166 1247 Fiscellis
3211 1175 3510 1244 ‘tamen
3573 1166 3761 1272 equi
3795 1162 4046 1274 ‘capi-

1375 1295 1727 1379 strant-ur
1769 1351 1795 1396 ,
1897 1289 2203 1400 hacque
2270 1288 2642 1374 cautione
2707 1307 2944 1401 capta
3012 1284 3424 1374 minorem
3487 1287 3833 1396 stragem
3902 1318 4051 1405 pa·

1373 1421 1696 1506 tiuntur
1736 1482 1762 1527 ,
1861 1421 1947 1505 id
2009 1418 2228 1532 quod
2289 1418 2813 1531 suspic10nem
2878 1414 3210 1503 exhibet
3250 1478 3282 1521 ,Ν
3376 1440 3422 1498 a
3493 1419 3789 1525 pabulo
3888 1448 4049 1507 no·-

1290 1640 1295 1643 .
1371 1570 1572 1636 xam
1636 1548 1840 1636 hanc
1903 1552 2402 1659 contingere.
2502 1548 2686 1637 ›sed
2745 1548 2832 1663 in
2894 1546 3237 1632 diuersas
3303 1543 3597 1631 abeunt
3623 1548 4051 1633 sententias

1369 1678 1658 1761 Tatari
1699 1740 1747 1783 ,,
1790 1677 1889 1761 de
1961 1677 2207 1764 herba
2272 1675 2449 1791 ipsa
2499 1681 2699 1773 adeo
2762 1677 3028 1761 infesta
3070 1737 3097 1783 ,
3195 1697 3402 1757 mox
3466 1673 3675 1760 hanc
3709 1738 3736 1783 ,
3835 1698 4050 1761 mox

1371 1802 1611 1890 illam
1678 1809 2131 1893 incusantes,
2263 1807 2397 1896 Sic
2457 1810 2714 1917 etiam
2777 1805 2987 1893 hanc
3026 1867 3053 1912 ,
3112 1827 3361 1915 quam
3428 1804 3983 1917 descripsimus
4027 1867 4057 1913 ,

1373 1935 1683 2017 nociuis
1740 1928 2146 2023 'accensent
2183 1998 2210 2044 ,
2302 1937 2520 2048 quod
2580 1940 2734 2024 vix
2801 1933 3251 2026 verisimile
3309 1932 3447 2020 est.
3610 1933 3742 2023 Cl.
3809 1930 4052 2021 SIE·

1372 2056 2090 2164 GESBECKIVS
2188 2082 2426 2178 putat
2469 2131 2495 2175 ‚
2595 2064 2987 2154 lethalem
3070 2064 3278 2148 hanc
3344 2062 3529 2150 vim
3591 2089 3760 2150 non
3820 2064 3970 2146 vni
4019 2126 4048 2172 ‚

1369 2187 1497 2276 kd
1561 2195 1940 2278 omnibus
2007 2195 2516 2284 tribuendam
2580 2197 2732 2281 effe
2798 2193 3102 2308 plantis
3140 2254 3166 2297 ‚
3258 2215 3415 2302 qua
3472 2194 3571 2277 de
3634 2217 3724 2278 re
3823 2190 4058 2277 iudi·

1208 2312 1225 2321 “
1371 2319 1597 2404 cium
1663 2323 2032 2410 nostrum
2095 2324 2663 2435 suspendimus,
2845 2325 3043 2409 Hoc
3103 2338 3425 2407 certum
3488 2309 3645 2409 effe
3698 2321 4057 2431 dicunt,'

1372 2464 1661 2534 omnes
1720 2447 1831 2531 ibi
1897 2468 2120 2538 natas
2179 2451 2491 2563 plantas
2545 2453 2766 2538 sallas
2829 2452 2982 2535 effe
3038 2466 3238 2534 cum
3297 2449 3725 2535 coniuncta
3812 2475 4057 2537 ama-

1374 2574 1738 2661 ritudine
1781 2639 1806 2684 ‚
1909 2579 2128 2690 quod
2200 2573 2458 2663 ficile
2557 2605 2608 2663 a
2704 2597 2918 2661 terra
2984 2575 3167 2662 salsa
3210 2638 3240 2683 2
3338 2576 3763 2664 bituminis
3838 2605 4063 2668 vena

1372 2704 1762 2815 imbuta,
1822 2725 1966 2793 aut
2031 2705 2128 2808 ab
2187 2706 2415 2818 aquis
2454 2768 2481 2811 ,
2560 2706 2960 2793 eiusmodi
3019 2724 3272 2792 'venas
3321 2710 3905 2818 perfluentibus
3969 2728 4063 2796 et
4229 2756 4234 2761 ·

1371 2837 1800 2940 regionem
1869 2829 2528 2922 humectantibus
2571 2896 2598 2941 ,
2692 2836 3045 2920 deriuari
3107 2839 3433 2946 poterit.
3605 2840 3752 2920 An
3852 2859 4071 2919 vero

1373 2962 1488 3048 sal
1551 2961 1948 3048 bitumine
2007 2964 2624 3073 conspurcatum
2727 2986 2973 3072 equos
3071 2961 3564 3065 interimat,
3661 2962 4002 3047 bouibus
4033 2997 4074 3070 ⁴,-

1369 3089 1706 3177 camelis
1768 3110 1853 3178 et
1917 3091 2210 3178 ouibus
2245 3105 2437 3177 ‘non
2508 3109 2790 3175 noceat
2829 3152 2856 3197 ,
2959 3088 3088 3172 vti
3154 3091 3243 3172 in
3311 3084 3472 3176 hoc
3528 3088 3793 3175 tractu
3885 3091 4074 3176 -ob·

1276 3321 1295 3330 „
1371 3219 1731 3318 seruatur
1774 3283 1800 3329 ,
1844 3220 2453 3333 experimentis
2512 3245 2676 3307 non
2769 3215 3136 3306 cnidium
3238 3210 3426 3304 est?
3560 3218 3697 3304 De
3787 3221 4070 3307 cicuta

1376 3353 1739 3459 aquatica
1805 3374 1929 3437 res
1993 3352 2106 3437 est
2166 3350 2572 3437 notiffima
2611 3412 2638 3455 ‚
2695 3348 2920 3464 'quod
2986 3346 3392 3431 eiusmodi
3454 3344 3834 3432 facultate
3869 3346 4073 3456 polae

1372 3473 1553 3564 leat
1681 3474 1817 3588 Cl.
1897 3500 2170 3590 tamen
2233 3479 2710 3594 LERCHE
2748 3542 2776 3584 ,
2860 3474 3002 3586 qui
3072 3473 3379 3578 plantas
3439 3467 3688 3556 huius
3748 3475 4065 3570 trae'tus

1369 3602 1651 3688 multo
1741 3625 1938 3706 cum
2016 3601 2302 3686 studio
2389 3601 2728 3708 collegit
2765 3661 2792 3703 ‚
2891 3592 3212 3678 nullam
3311 3597 3616 3684 cicutae
3682 3590 4098 3692 similem*
4165 3679 4172 3690 .

1375 3719 1695 3816 inuenit
1737 3787 1763 3832 ,
1821 3728 2075 3813 'forte
2152 3724 2372 3839 quod
2435 3745 2631 3810 tunc
2694 3724 3095 3835 temporis
3132 3786 3158 3833 ,
3249 3749 3444 3812 cum
3509 3729 3618 3814 ibi
3677 3736 4061 3843 per-'egri-

1377 3876 1706 3944 naretur
1748 3916 1774 3959 ‚
1876 3852 2119 3940 herba
2219 3855 2369 3940 vix
2428 3878 2477 3937 e
2557 3872 2769 3940 terra
2835 3850 3518 3969 progerminass'et.
3569 3898 3578 3905 ·
3655 3860 3852 3945 Vid.
3921 3863 4051 3952 Cl.
4217 3855 4224 3862 ’

1372 3979 1881 4074 SIEGESB.
1982 3983 2307 4095 primit.
2407 3983 2657 4070 florae
2756 3985 3076 4098 Petrop.
3166 4008 3247 4094 p.
3318 3996 3460 4069 16.
3530 3989 3619 4070 in
3685 4008 3891 4076 nota
3951 3993 4058 4078 ad·

1380 4112 1497 4199 At
1506 4110 1836 4222 riplicem
1933 4113 2403 4200 maritimam
2498 4112 2758 4202 albam
2808 4105 3361 4228 frutefivntem
3394 4115 3623 4227 foliis
3677 4120 4064 4229 angulffln

1270 4315 1277 4330 ,
1378 4238 1673 4324 incanis
1704 4300 1736 4345 ,
1837 4239 1978 4329 vbi
2066 4237 2309 4361 plura
2402 4243 2504 4333 ad
2574 4240 2823 4333 ficum
2875 4241 3125 4332 huius
3186 4245 3544 4358 regionis
3601 4247 4064 4361 spectantia

1388 4367 1760 4459 recenset.
2821 4435 2826 4438 -

3903 4513 4067 4594 62¹
