4414 5652
999 387 2293 505 SILIQVOSAE.
2807 409 2986 505 265

837 620 1194 707 Turritis
1292 617 1622 730 latifolia
1711 617 1999 721 hirsuta
2082 681 2107 726 ‚
2190 623 2496 735 filiquis
2577 627 2917 740 pendulis
2969 692 2997 739 ,

956 748 1276 831 AMM.
1345 747 1542 831 ruth.
1622 767 1767 847 79.

837 875 1139 960 Arabis
1179 871 1404 986 soliis
1461 875 2160 985 ampleximulibus,
2196 878 2500 989 filiquis
2564 881 2993 993 antia-zpiti-

956 1003 1100 1088 bus
1139 1061 1164 1104 ,
1229 1001 1458 1084 linear
1475 1000 1648 1085 ibus
1690 1064 1715 1107 ,
1784 1003 2159 1097 caba-ihus
2212 1003 2591 1123 subpilqfis
2633 1071 2658 1115 ‚
2760 1008 2989 1096 LlN.

909 1130 1051 1244 sp.
1118 1154 1199 1209 2.
1251 1143 1338 1239 p.
1401 1152 1612 1228 930.
1676 1154 1744 1213 n.
1819 1150 1904 1232 7.

619 1354 887 1443 Radix
945 1351 1117 1437 alba
1160 1415 1184 1458 ‚
1249 1351 1555 1460 lignosa
1596 1416 1621 1459 ,
1687 1357 1973 1464 biceps.
2042 1354 2320 1442 Caulis
2383 1358 2483 1442 ad
2550 1377 2713 1442 tres
2769 1359 2989 1469 saepe

315 1487 630 1574 cubitos
687 1484 1189 1588 adscendens,
1238 1497 1321 1562 et
1383 1506 1537 1590 pro
1601 1487 1824 1570 varia
1882 1480 2313 1570 altitudine
2376 1488 2600 1569 varie
2668 1485 2988 1592 crassus,

314 1617 561 1703 sulcis.
651 1611 1072 1719 profundis
1172 1627 1593 1696 excauatus
1634 1671 1659 1714 ,
1758 1613 2204 1721 crebrisque
2303 1611 2498 1721 pilis
2590 1613 2978 1724 hispidus.

316 1742 548 1834 Folia
582 1741 916 1841 alterna,
957 1739 1335 1848 vtrinque
1401 1735 1743 1844 hirsuta,
1776 1741 1875 1823 ad
1925 1763 2106 1825 oras
2139 1743 2457 1845 serrata,
2490 1764 2536 1822 e
2571 1740 2733 1824 lata
2766 1742 2986 1825 leui-

312 1885 437 1951 ter
503 1865 949 1956 auriculata
1013 1865 1168 1948 basi
1232 1870 1318 1951 in
1368 1886 1705 1949 acutum
1749 1891 2231 1954 mucronem
2268 1872 2667 1976 abeuntia,
2700 1870 2977 1978 supre-

307 1999 476 2079 mis
510 1991 791 2077 sensim
847 1991 1285 2102 senfimque
1349 1995 1934 2100 angustioribus
1996 2013 2078 2081 et
2110 1997 2635 2083 breuioribus,
2700 1995 2988 2081 Flores

304 2123 448 2208 vel
512 2147 561 2204 e
623 2120 1013 2204 foliorum
1075 2122 1221 2202 alis
1262 2182 1287 2222 ‚
1349 2120 1487 2203 vel
1551 2124 2014 2207 terminales
2066 2184 2091 2227 ,
2159 2129 2625 2232 posteriores
2695 2125 2777 2205 in
2820 2124 2985 2236 spi-

299 2277 489 2334 cam
557 2247 981 2353 congesti,
1046 2246 1909 2356 saepe'dodrantalem.
2044 2250 2320 2354 Calyx
2404 2250 3019 2359 tetraphylluS,¹

298 2377 604 2463 foliolis
664 2374 1150 2459 rubentibus,
1279 2370 1609 2458 Corolla
1661 2373 1839 2458 alba
1889 2439 1912 2481 ‚
1975 2377 2257 2485 petalis
2318 2376 2713 2483 oblongis,
2796 2383 2983 2462 An·
3078 2419 3085 2428 ·

305 2505 590 2587 thetae
655 2502 929 2586 flauae.
1032 2500 1342 2610 Siliqua
1410 2498 1702 2607 longa,
1770 2504 2033 2587 strieia
2078 2565 2102 2606 ,
2167 2504 2680 2614 aliquantum
2746 2533 2984 2591 com·

297 2634 555 2740 pressa
596 2695 621 2735 ,
687 2628 1031 2740 pendula
1117 2628 1544 2736 seminibus
1625 2627 1882 2743 planis
1922 2693 1946 2738 ,
2011 2632 2308 2717 leuiter
2395 2631 2916 2740 emarginatis
2950 2692 2981 2743 ‚

297 2758 595 2846 coloris
655 2759 1001 2844 aurantii
1060 2758 1372 2844 referta.

611 2982 743 3065 Ad
804 3008 1146 3066 omnem
1218 2983 1503 3069 Lenam
1567 2989 1885 3069 ocurrit
1948 2990 2088 3072 sub
2155 2988 2409 3072 finem
2488 2989 2707 3073 Iunii
2812 2989 2972 3073 flo-

297 3130 507 3195 rens.

385 3300 587 3386 ·27.
657 3278 1030 3366 ERVC'A
1131 3281 1348 3366 foliis
1447 3278 2214 3386 subtriangularibus
2256 3336 2281 3381 ‚
2374 3297 2484 3356 ex
2588 3274 2978 3364 sinuato·

684 3408 1025 3495 dentatis
1089 3409 1409 3516 glabris,
1536 3410 1730 3494 Tab.
1803 3406 2032 3492 LXI.

600 3633 888 3723 Caules
953 3635 1565 3743 procumbentes
1607 3692 1631 3735 ,
1695 3628 2220 3715 dodrantales.
2355 3620 2590 3711 Folia
2656 3645 2897 3711 ouata
2949 3691 2977 3735 ,

296 3764 614 3849 sinuato
647 3810 688 3825 -
726 3768 1040 3849 dentata
1085 3823 1109 3864 ,
1174 3764 1579 3870 superiora
1639 3758 2263 3866 amplexicaulia
2308 3817 2332 3859 ,
2402 3754 2782 3838 inferiora
2822 3781 2973 3865 pe-

298 3894 590 3980 tiolata
631 3956 654 3998 ‚
716 3894 920 3975 insta
977 3887 1190 3972 bafin
1257 3891 1560 3974 duobus
1620 3906 1765 3968 aut
1865 3888 2122 3972 tribus
2230 3880 2553 3993 paribus
2644 3884 2973 3968 foliolo·

296 4045 497 4105 rum
561 4019 1059 4125 exiguorum
1106 4080 1130 4122 ,
1200 4042 1342 4128 per
1405 4016 2006 4121 coniugationes
2071 4029 2213 4097 aut
2276 4009 2745 4095 alternatim
2812 4037 2970 4119 po-
3039 4034 3049 4050 ‘

291 4148 647 4232 sitorum
689 4208 713 4249 ,
780 4145 1282 4255 simplicium
1331 4207 1355 4250 ‚
1417 4146 1883 4231 biloborum
1971 4161 2055 4225 et
2126 4137 2617 4225 triloborum
2681 4139 2971 4249 aucta,

259 4274 816 4385 *aliquantum
879 4298 994 4359 ex
1057 4273 1342 4382 glauco
1378 4319 1417 4336 -
1450 4276 1742 4361 viridia
1780 4336 1805 4383 ,
1872 4273 2075 4358 infl‘a
2135 4264 2582 4376 pallidiora.
2668 4258 2971 4355 Flores
3024 4300 3087 4369 :-

417 4404 495 4489 F
493 4402 628 4490 lor.
663 4400 908 4489 Sibir.
949 4402 1154 4489 Tom.
1191 4401 1379 4522 1113
2034 4399 2109 4484 L
2147 4396 2183 4482 l
2780 4414 2785 4421 ·
2879 4396 2971 4479 in
