4414 5652
1413 398 1595 491 με
2086 380 3411 494 rav-CTIFLORAE.

1897 608 3169 735 Opubaer‚L1NN.h.cBffi
3284 637 3491 723 109.
3558 612 3786 703 Suec.
3860 638 4068 721 249

2037 746 2310 833 ROY.
2363 760 2496 859 pr.
2570 765 2778 843 243.
2854 740 3194 828 HALL.
3263 743 3503 831 Helv.
3575 754 3791 856 463.

1900 873 2333 962 Samhucus
2429 874 2866 978 aquatica,
2964 869 3255 958 CAM.
3357 873 3568 989 Epic.-
3669 893 3881 983 977.
3997 874 4086 966 Ι..

1888 1031 1899 1042 “
2028 989 2428 1089 BAVH.
2466 1027 2540 1088 1.
2604 998 2697 1085 P.
2770 1024 2851 1082 1.
2923 1018 3133 1100 552.

1847 1129 2346 1221 sambucus
2424 1131 2781 1244 aquatica,
2868 1126 3071 1249 flore
3097 1125 3426 1247 stupha
3464 1191 3491 1240 ,
3580 1129 3671 1219 C.
3733 1127 3832 1220 B.
3898 1128 4063 1222 Pin.

1833 1268 2580 1506 ὀρῦιῗιιιιειιῡ
2571 1439 2605 1496 ,
2660 1343 3110 1479 TovRN.
3175 1386 3241 1477 1.
3309 1390 3412 1478 R.
3480 1390 3584 1477 n
3653 1397 3878 1495 607

1682 1583 1842 1668 Vti
1942 1608 2087 1691 per
2186 1607 2529 1668 omnem
2632 1577 3032 1692 Rtffam‚
3073 1582 3242 1670 fic
3329 1601 3414 1671 et
3468 1607 3616 1694 per
3680 1580 4069 1671 Sibiriam

1380 1710 1679 1823 'vbique
1741 1712 2036 1797 inueni.
2170 1705 2261 1794 B.
2329 1708 3002 1802 STELLERVS
3063 1714 3162 1797 ad
3230 1711 3558 1824 Amgam
3630 1732 3717 1799 et
3813 1710 4082 1797 Aldu·

1378 1861 1565 1946 num
1612 1838 1907 1950 fluuios
1947 1899 1978 1947 ,
2075 1864 2430 1964 quotum
2498 1860 2844 1958 vterque
2907 1842 2997 1925 in
3064 1839 3354 1928 Lenam
3420 1839 3769 1947 influit,
3864 1840 4061 1926 fines

1379 1965 1534 2075 ipfi
1595 1973 1909 2084 ponit,
1970 1994 2175 2057 cum
2236 1996 2490 2082 neque
2552 1974 2642 2054 in
2707 1967 3291 2076 Ochotenfibus‚
3355 1987 3612 2082 neque
3677 1970 3762 2054 in
3797 1966 4061 2054 Kam-

1385 2087 1490 2210 tfi
1494 2093 1783 2184 huticis
1836 2083 2308 2208 regionibus
2368 2075 2752 2190 viderit.
2888 2097 3171 2185 Flores
3233 2097 3714 2207 marginales
3773 2095 4060 2206 procul

1371 2224 1617 2312 dubio
1718 2228 2010 2314 steriles
2103 2229 2351 2336 sunt,
2451 2227 2550 2314 ad
2646 2246 2976 2314 neutros
3056 2239 3335 2316 tamen
3412 2254 3577 2330 non
3643 2227 4057 2320 referendi,

1380 2351 1783 2464 Perpetuo
1877 2361 2103 2447 enim
2199 2361 2455 2446 etiam
2558 2359 2647 2441 in
2746 2354 2910 2444 illis
2972 2362 3327 2469 quinque
3391 2356 3805 2444 filamenta
3871 2357 4056 2446 sunt

1344 2479 1829 2574 ·breuiffima
1854 2547 1883 2593 ,
1945 2487 2330 2573 antheris
2366 2484 2742 2587 didymis·
2798 2488 3179 2568 insti-ueta
3239 2502 3328 2568 et
3391 2487 3767 2593 stigmata
3826 2488 4012 2572 tria.

1674 2674 2018 2764 Fructus
2052 2681 2167 2762 ‘in
2233 2671 2545 2762 Sibirie'z
2600 2674 3008 2787 plurimae
3072 2674 3513 2794 gentilium
3573 2678 3783 2790 parti
3849 2681 4058 2765 edu·-

1365 2799 1479 2888 les
1541 2805 1787 2912 sunt.
1881 2828 1967 2893 et
2032 2803 2291 2911 Ruffls
2353 2825 2678 2890 manua
2746 2801 3097 2917 (Kalina)
3153 2805 3594 2907 dicuntur,
3690 2832 3834 2887 nec
3901 2809 4063 2891 vsu

1362 2933 1574 3035 suo‚‚
1670 2936 2064 3017 referente
2130 2936 2199 3022 b.
2269 2932 2880 3021 STELLERO
2916 2996 2942 3039 ,
3041 2936 3128 3015 in
3195 2949 3349 3024 cat·
3415 2931 3841 3017 medicam·
3910 2930 4065 3017 Si·

1366 3055 1518 3144 bir.
1583 3061 1795 3167 apud
1858 3056 2043 3144 illos
2078 3122 2105 3166 ‚
2213 3062 2637 3171 praecipue
2697 3081 2978 3148 tamen
3035 3057 3416 3147 Sibiricos
3472 3077 3558 3145 et
3619 3058 4060 3145 Casanien·

1362 3184 1525 3295 ses,
1584 3190 1910 3297 prorsus
1969 3207 2271 3275 carent.
2402 3191 3106 3301 Exprimentum‚
3163 3191 3260 3275 ad
3291 3189 3511 3297 quod
3571 3187 3835 3272 baccas
3899 3189 4050 3285 ad·¹

1366 3310 1709 3423 hibent³
1788 3320 2059 3425 nimis,
2101 3318 2228 3430 est·
2273 3322 2680 3429 curiosum
2724 3377 2754 3415 .
2843 3343 3120 3433 quam.
3168 3335 3268 3401 vt
3334 3312 3655 3403 silentio
3710 3340 4050 3426 prema-

1360 3460 1521 3532 tur.
1656 3445 1856 3532 Non
1924 3448 2318 3532 infimum
2387 3452 2597 3558 apud
2664 3445 2846 3534 illos
2895 3511 2921 3554 ,
3017 3444 3399 3552 inprimis
3475 3447 3616 3552 qui
3715 3449 4053 3533 medio-

1360 3576 1518 3656 cris
1578 3573 1758 3658 sunt
1826 3573 2320 3658 conditionis
2359 3636 2384 3676 ,
2516 3572 3091 3683 hospitalitatis
3154 3568 3477 3676 fignum
3540 3574 3650 3659 est
3689 3634 3715 3679 ‚
3797 3574 3858 3657 fi
3926 3573 4043 3660 li-

1364 3725 1649 3812 quores
1709 3700 2078 3785 conuiuis
2139 3698 2545 3808 appositos
2608 3700 2870 3807 magis
2923 3717 3246 3809 potatos
3293 3720 3584 3808 ,quam
3682 3704 4045 3809 gustatos

1353 3830 1610 3913 etiam
1674 3829 2010 3939 perinde
2068 3821 2322 3912 adhuc
2388 3829 2792 3918 senserint.
2929 3827 3203 3944 Quare
3265 3828 3606 3943 quaeuis·
3650 3830 4056 3940 potulen-

1362 3974 1646 4040 torum
1712 3959 2393 4046 fermentatorum
2457 3981 2542 4049 et
2602 3962 2923 4072 spiritus
2983 3980 3118 4044 ex·
3158 3955 3296 4040 his·
3349 3963 3799 4068 praeparati
3883 3984 4048 4069 ge-

1355 4112 1546 4173 nera
1603 4092 1864 4174 amica
1930 4108 2016 4176 et
2074 4084 2539 4181 voluntaria
2604 4085 3748 4201 prodigalitate-apponuntur.
3815 4088 4056 4207 Sunt⁸

1356 4236 1666 4306 autem
1700 4218 2094 4323 absterruii,
2150 4241 2488 4333 praeter
2531 4240 2832 4335 aquam
2855 4216 3224 4311 mallum
3287 4235 3560 4331 potus
3587 4242 3843 4329 genus
3881 4248 4032 4306 ac·-

1346 4369 1775 4462 ceptantes.
1905 4351 2138 4441 Hisce
2195 4377 2474 4491 comes
2531 4351 2918 4471 hospites
2977 4349 3259 4437 sticum
3355 4346 3681 4437 ficiunt
3811 4343 4028 4434 Bac-

3523 4514 3532 4527 ’
3887 4505 4027 4566 cas
