4414 5652
1437 398 1561 519 π
2160 395 3384 493 INCOMPLETAE.

1943 630 2315 749 Atriplex
2354 626 2547 742 folio
2609 624 2847 711 viridi
2896 623 3363 740 splendente,
3416 616 3759 711 GERB.
3797 619 3990 708 Tan.

1941 762 2309 877 Atriplex
2350 754 2728 869 fruticosa
2792 755 3226 861 Ταιανίεα,
3290 751 3634 843 GERB.
3704 748 3913 840 hort.
3931 748 4118 862 fica.

1955 886 1994 979 3
2024 890 2102 978 A
2105 889 2392 1005 trzplex
2449 885 2676 1001 soliis
2773 882 3228 969 deltoidibus
3293 882 3634 993 sinuatis
3729 877 4118 970 vndulatis
4209 942 4216 950 .

2080 1020 2411 1108 alternis
2455 1077 2481 1122 ,
2544 1010 2883 1101 LINN.
2952 1009 3114 1126 Vps.
3194 1030 3406 1112 303.

1751 1191 2043 1281 Caulis
2104 1185 2555 1276 bicubitalis
2618 1208 2704 1272 et
2767 1186 3014 1271 altior
3056 1250 3081 1295 ‚
3143 1184 3430 1268 crassus
3472 1246 3497 1291 ‚
3562 1188 3798 1272 nitet.
3960 1182 4124 1269 Fo-
4243 1278 4244 1281 w

1452 1320 1565 1409 lia
1626 1323 1874 1409 craffa
1931 1329 2119 1409 sunt
2159 1382 2185 1426 ,
2281 1320 2517 1427 gustu
2581 1314 2996 1427 aliquanto
3055 1315 3276 1399 acida
3317 1376 3342 1421 ‚
3447 1310 3748 1425 pallide
3834 1310 4130 1398 viridia

1451 1475 1649 1539 cum
1714 1452 2094 1560 glaucore
2140 1511 2165 1556 ‚
2263 1451 2533 1560 paucis
2602 1451 2827 1531 venis
2888 1443 3312 1546 diffinita,
3424 1445 3731 1530 formae
3793 1443 4136 1540 variae,

1452 1583 1848 1694 quaedam
1911 1593 2019 1668 ex
2082 1579 2244 1663 lata
2306 1575 2461 1660 bafi
2533 1579 2620 1660 in
2694 1573 3039 1681 longum
3108 1596 3595 1657 mucronem
3658 1571 4144 1671 terminata,

1452 1713 1624 1799 oris
1684 1709 2203 1820 aequalibuS,
2266 1703 2658 1816 quaedam
2725 1705 3188 1805 deltoidea,
3249 1701 3406 1786 alia
3473 1704 3759 1785 serrata
3816 1716 3960 1781 aut
4025 1692 4133 1777 fi-

1455 1857 1768 1944 nuata‚
1863 1834 2316 1944 triangula
2339 1837 2664 1940 etiam,
2758 1836 3042 1919 omnia
3103 1850 3376 1917 tamen
3445 1850 3790 1943 vtroque
3854 1844 4135 1913 extre·

1458 1992 1610 2060 mo
1667 1966 2240 2054 contraitiora.
2341 1990 2346 1993 ·

1764 2141 1870 2229 In
1929 2144 2173 2227 omni
2237 2135 2553 2227 Sibiria
2633 2141 2997 2255 frequens
3055 2140 3429 2229 nascitur.

1763 2313 2140 2402 Plantam
2184 2341 2285 2403 n.
2360 2337 2443 2393 ι.
2514 2342 2679 2400 non
2748 2316 3070 2426 poffum
3137 2342 3301 2401 non
3343 2380 3368 2425 ‚
3464 2318 3663 2428 quin
3761 2338 3918 2425 pro
4012 2331 4140 2394 ea-

1462 2442 1658 2533 dem
1718 2440 1993 2555 planta
2054 2439 2420 2527 habeam.
2555 2440 2790 2528 Nam
2857 2448 3241 2553 quicquid
3305 2449 3522 2528 dicat
3576 2446 3649 2527 b.
3711 2441 4136 2530 AMMA-

1464 2568 1704 2665 st
1742 2632 1773 2677 ‚
1823 2595 1997 2657 non
2055 2569 2340 2656 desunt
2398 2564 2617 2655 foliis
2703 2569 2876 2654 alba
2966 2572 3112 2657 illa
3211 2571 3583 2681 stigmata
3625 2634 3650 2679 ‚
3757 2596 3961 2685 quae
4061 2572 4142 2653 in

1467 2698 1831 2791 hortenfi
1885 2702 2528 2814 conspiciuntur.
2661 2700 3007 2786 Fruflus
3071 2720 3351 2790 autem
3416 2699 3627 2787 nihil
3700 2704 3938 2815 plane
3990 2699 4125 2782 dif

1467 2834 1767 2922 strunt.
1866 2822 1873 2825 ’
1933 2828 2079 2916 Αη
2147 2833 2418 2916 serum
2484 2825 2828 2915 florendi
2896 2854 3226 2941 tempus
3288 2834 3833 2924 differentiam
3897 2813 4150 2939 speci·

1464 2959 1721 3051 ficam
1781 2956 2153 3065 indicet,
2254 2977 2580 3066 tempus
2654 2952 2743 3041 Yet
2850 2962 3168 3044 cultura
3267 2960 3661 3043 docebunt
3696 2956 3734 3045 3
3834 2956 4151 3076 Saltem

1470 3113 1646 3182 non
1702 3086 1907 3174 adeo
1965 3084 2513 3201 improbabile
2564 3087 2751 3189 est,
2845 3089 3149 3174 semina
3198 3085 3652 3173 calidarum
3713 3093 4154 3204 regionum

1477 3242 1649 3308 non
1705 3234 1887 3303 tam
1949 3220 2127 3306 cito
2182 3216 2617 3303 assuescere
2676 3215 3089 3326 frigidiori
3171 3216 3522 3303 climati.
3714 3210 4163 3304 GERBE·

1478 3343 1705 3438 Rvs
1768 3349 1998 3438 suam
2063 3344 2436 3464 plantam
2505 3347 2719 3432 inter
2783 3343 3185 3459 Bielgorod
3243 3363 3329 3431 et
3391 3342 3858 3431 Graiworon
3917 3362 4019 3427 vt
4080 3355 4160 3424 et

1468 3478 1687 3564 circa
1744 3480 2051 3588 oppida
2111 3477 2491 3564 Vcrainae
2541 3496 2635 3560 et
2696 3474 3113 3580 Lubnam,
3203 3474 3357 3557 alii
3458 3497 3716 3585 prope
3814 3471 4154 3581 Asowum

1482 3605 1999 3695 inuenerunt.
3751 3679 3754 3682 ,

1490 3832 1498 3840 -
1618 3792 1766 3914 55.
1870 3764 2477 3862 ATRTPLEX
2577 3767 2842 3857 valuis
2939 3771 3346 3858 steminum
3439 3777 3853 3883 integris,
3948 3766 4152 3858 foliis

1824 3901 2260 3992 omnibus
2314 3924 2427 3986 ex
2491 3898 2784 3986 lineari
2846 3900 3382 4012 lanceolatiS,
3470 3907 3816 4014 integris
3873 3922 3974 3988 et
4058 3916 4154 3985 ex

1875 4030 2229 4121 finuato·
2235 4031 2614 4119 dentatis.
2676 4032 2882 4119 Tab.
2948 4033 3200 4121 XIV.
3269 4031 3539 4144 fig.2

2008 4207 2378 4336 Atriplex
2438 4206 2838 4296 maritima
2879 4271 2910 4314 ‚
2965 4208 3272 4321 angzfio
3307 4207 3500 4319 solio
3539 4269 3567 4315 ‚
3583 4205 3895 4319 *semine
3957 4203 4158 4293 atri·-

1824 4377 1833 4384 ·
2078 4333 2338 4488 'plicis‘
2367 4334 2704 4457 scniuae.
2772 4335 3168 4484 STE15L.
3244 4335 3413 4460 Ire.
3484 4358 3543 4445 7
3556 4356 3602 4444 5
3625 4350 3702 4431 8.
3893 4423 3900 4430 .
4035 4456 4128 4549 O
