4414 5652
1316 410 1498 503 1-46
1988 391 3313 492 FRVCTIFLORAE.

1801 619 2587 746 opuhc‚L1NN.
2687 621 2762 711 h.
2859 618 3072 734 chff
3185 646 3394 733 109.
3461 622 3691 713 Suec.
3765 650 3974 734 249

1940 756 2213 844 ROY.
2267 771 2399 870 pr.
2472 776 2680 853 243.
2756 751 3095 839 HALL.
3164 753 3406 842 Helv.
3478 763 3695 866 463.

1803 884 2237 973 Sambucus
2331 884 2768 988 aquatica,
2867 879 3157 968 CAM.
3259 883 3471 999 Epic.-
3573 886 3998 994 9721..

1792 1043 1801 1054 “
1931 1003 2289 1100 BAVH.
2369 1037 2443 1099 1.
2508 1009 2599 1096 P.
2672 1034 2753 1092 ι.
2825 1029 2871 1109 5
2890 1029 2933 1110 5
2955 1034 3036 1093 2.

1752 1140 2250 1232 sambucus
2327 1142 2684 1254 aquatica
2771 1137 2973 1251 flore
3000 1136 3396 1257 stuchi,
3483 1140 3575 1231 C.
3637 1139 3738 1232 Β.
3801 1140 3970 1234 Pin.

1796 1279 2432 1517 opszffssudlii
2475 1447 2509 1507 ι
2563 1355 3014 1490 TOVRN.
3079 1397 3144 1489 1.
3215 1401 3316 1489 R.
3385 1400 3487 1488 H.
3557 1408 3780 1507 607

1586 1593 1745 1679 Vti
1846 1620 1991 1703 per
2090 1605 2433 1679 omnem
2535 1589 2936 1702 Rusticum,
2975 1593 3145 1680 fic
3232 1612 3316 1682 et
3371 1619 3520 1704 per
3584 1592 3976 1682 Sibiriam

1284 1721 1582 1834 vbique
1645 1723 1940 1809 inueni.
2076 1717 2164 1806 B.
2233 1720 2907 1812 STELLERVS
2966 1724 3066 1808 ad
3133 1723 3461 1835 Amgam
3533 1743 3619 1810 et
3717 1724 3989 1810 Alda·

1282 1872 1469 1956 num
1516 1848 1812 1938 fluuios
1852 1910 1883 1959 ,
1980 1835 2334 1968 quotum
2403 1871 2748 1980 vterque
2811 1852 2901 1936 in
2968 1849 3258 1938 Lenam
3324 1850 3672 1960 influit,
3766 1852 3965 1938 fines

1283 1975 1438 2085 ipsi
1499 1985 1813 2095 ponit,
1875 2005 2081 2068 cum
2140 2007 2393 2094 neque
2457 1983 2545 2092 in
2611 1978 3194 2088 Ochotenfibus,
3258 2006 3515 2093 neque
3579 1982 3665 2066 in
3700 1978 3966 2066 Kam

1289 2099 1394 2221 tfl·
1398 2103 1688 2195 huticis
1741 2087 2213 2228 regionibus
2273 2110 2702 2202 viderit..
2793 2110 3075 2197 Flores
3136 2109 3618 2218 marginales
3675 2107 3963 2217 procul

1275 2234 1520 2322 dubio
1622 2239 1914 2326 steriles
2005 2242 2257 2349 sunt,
2356 2239 2455 2326 ad
2552 2257 2880 2326 neutros
2958 2260 3239 2327 tamen
3317 2251 3479 2340 non
3546 2238 3958 2331 referendi.

1283 2360 1687 2475 Perpetuo
1780 2373 2007 2459 enim
2102 2373 2358 2457 etiam
2462 2371 2551 2453 in
2649 2367 2813 2456 illis
2876 2374 3231 2481 quinque
3295 2368 3708 2456 filamenta
3773 2369 3956 2456 sunt

1248 2489 1733 2585 'breuissima
1758 2559 1785 2604 ,
1849 2499 2236 2585 antheris·
2269 2495 2646 2599 didymis·
2701 2499 3082 2579 instructa
3142 2513 3233 2579 et
3294 2498 3672 2605 stigmata
3730 2499 3913 2584 tria.

1577 2685 1921 2775 Fructus
1956 2693 2070 2775 ·in
2136 2683 2448 2774 Sibiric'r
2504 2684 2912 2799 plurimae
2974 2681 3415 2806 gentilium
3477 2690 3687 2801 parti
3752 2692 3957 2791 edu-7

1268 2809 1383 2898 les
1445 2816 1625 2901 sunt
1663 2879 1690 2922 ,
1786 2840 1871 2904 et
1935 2815 2193 2924 Ruffis
2257 2830 2582 2901 manna
2650 2813 2999 2928 (Kanna)
3056 2817 3497 2920 dicuntur,
3593 2844 3737 2899 nec
3803 2820 3959 2902 vsu

1265 2943 1476 3047 suo,
1574 2947 1968 3029 referente
2033 2946 2102 3033 b.
2171 2944 2784 3033 STELLERO
2819 3008 2845 3051 ‚
2943 2946 3032 3026 in
3098 2960 3252 3037 cat.
3317 2944 3744 3029 medicam·
3813 2942 3961 3028 Si·

1269 3065 1423 3154 bir.
1488 3071 1699 3177 apud
1761 3066 1946 3155 illos
1982 3131 2008 3178 ,
2115 3074 2541 3182 praecipue
2603 3093 2882 3159 tamen
2937 3068 3319 3159 Sibiricos
3374 3088 3460 3156 et
3520 3070 3955 3158 Casanien-

1265 3195 1376 3282 ses
1402 3261 1427 3305 ‚
1488 3201 1813 3307 prorsus
1872 3216 2173 3286 carent.
2304 3203 2954 3312 Exprimentum
2982 3261 3009 3306 ‚
3065 3202 3162 3286 ad
3195 3200 3413 3307 quod
3473 3198 3737 3283 baccas
3800 3200 3945 3295 ad«,-

1269 3321 1612 3433 hibent„
1690 3331 1963 3435 ‚qimis‘
2004 3329 2116 3439 est
2175 3333 2582 3439 curiosum
2626 3388 2657 3424 ,
2747 3355 3000 3443 quam
3071 3345 3170 3412 vt
3235 3322 3558 3412 filentio
3611 3352 3945 3436 prema-

1263 3471 1423 3542 tur.
1559 3455 1760 3542 Non
1826 3458 2221 3542 infimum
2290 3462 2499 3568 apud
2566 3455 2748 3544 illos
2797 3521 2823 3564 ‚
2920 3453 3301 3563 inprimis
3376 3458 3517 3565 qui
3617 3460 3946 3544 medio·

1262 3585 1420 3666 cris
1480 3582 1661 3668 sunt
1729 3582 2223 3667 conditionis
2261 3645 2288 3688 ,
2418 3584 2993 3694 hospitalitatis
3056 3579 3379 3688 fignum
3442 3586 3551 3670 est
3591 3646 3617 3690 ,
3699 3585 3758 3669 fi
3824 3583 3936 3671 li-

1266 3734 1551 3821 quores
1612 3710 1980 3795 conuiuis
2042 3709 2448 3818 appositos
2510 3710 2772 3818 magis
2825 3700 3148 3821 potatos
3195 3732 3487 3821 ,quam
3583 3716 3940 3820 gustatos

1255 3838 1513 3927 etiam
1577 3839 1911 3948 perinde
1969 3831 2227 3924 adhuc
2290 3842 2695 3929 senserint.
2831 3840 3103 3955 Quare
3166 3840 3507 3953 quaeuis·
3551 3842 3950 3952 potulen-

1264 3983 1547 4049 torum
1614 3969 2294 4056 fermentatorum
2358 3994 2443 4061 et
2504 3973 2824 4082 spiritus
2885 3992 2991 4056 ex
3058 3967 3196 4051 his·
3251 3975 3700 4079 praeparati
3784 3996 3942 4079 ge-

1256 4120 1446 4182 nera
1505 4102 1766 4184 amica
1832 4119 1920 4186 et
1976 4095 2440 4191 voluntaria
2503 4096 3098 4213 prodigalitate
3106 4119 3648 4209 apponuntur.
3716 4100 3956 4188 Sunt

1256 4246 1566 4315 autem
1600 4229 1994 4333 abstemii,
2050 4252 2388 4343 praeter
2432 4250 2730 4345 aquam
2756 4226 3150 4323 nullum
3187 4247 3462 4342 potus
3488 4253 3743 4341 genus
3777 4257 3929 4316 ac·-

1245 4377 1671 4470 ceptantes.
1805 4361 2038 4450 Hisce
2095 4387 2373 4455 comes
2430 4361 2800 4535 hospites
2876 4360 3158 4451 fucum
3255 4358 3583 4451 faciunt
3712 4355 3927 4445 Bac-

3425 4526 3432 4539 ,
3785 4517 3926 4576 cas
